3614 5480
758 687 796 698 -
817 651 858 716 25
878 687 916 698 -

301 783 396 862 ticus
415 783 594 889 superbia
613 783 660 860 ad
676 783 942 862 modestiorem
961 782 1135 864 habitum
1152 786 1370 880 descendit;
1437 770 1445 787 ’

300 913 367 1020 qui
393 929 585 993 austeram
613 914 700 992 vitae
720 941 799 992 suae
815 914 1058 1020 disciplinam
1080 944 1280 1023 nunqnam
1304 947 1373 1026 po·

300 1047 392 1152 pulo
410 1045 677 1126 admirandam
690 1045 902 1153 proposuit,
923 1074 1046 1152 neque
1059 1048 1283 1154 tragoediam
1295 1050 1372 1154 egit

299 1177 341 1257 in
356 1178 504 1258 theatro
516 1186 541 1270 ¹,
570 1180 635 1258 sed
651 1178 749 1257 nihil
769 1178 1016 1284 aequeoderat
1030 1206 1073 1257 ac
1088 1179 1162 1258 sibi
1184 1180 1371 1287 placere².

298 1309 370 1388 Hic
393 1324 520 1389 tamen
545 1308 794 1388 christianam
816 1307 1072 1388 humilitatem
1096 1337 1144 1388 ne
1161 1339 1368 1417 agnoscas3

299 1438 392 1546 quid
404 1439 506 1518 enim
522 1439 638 1519 verba
645 1447 783 1530 ἁπλότης,
798 1438 900 1530 αἰδὼς,
914 1439 1018 1518 aliud
1028 1439 1246 1546 significant
1257 1469 1373 1548 quam

298 1569 500 1648 honestam
515 1597 666 1648 morum
684 1571 965 1677 simplicitatem
987 1599 1031 1649 ac
1056 1569 1295 1665 modestiam,
1313 1569 1373 1650 161

299 1700 505 1808 pudorem?
528 1702 653 1799 Quam
679 1702 802 1781 Graeci
819 1702 997 1782 dicebaut
1022 1707 1287 1800 ταπεινοφροσύνην,
1306 1701 1374 1778 La·

300 1831 372 1909 tini
396 1860 485 1911 1616
510 1833 771 1923 humilitatem,
802 1861 846 1912 ea
874 1828 1080 1940 angustum
1110 1831 1374 1939 abjectumque

300 1966 471 2044 animum
505 1966 706 2074 arguebam
738 1993 809 2044 nec
841 1969 997 2048 nomine
1030 1965 1158 2044 minus
1191 1992 1307 2071 quam
1334 1993 1374 2043 re

300 2096 402 2203 apud
426 2112 570 2175 veteres
589 2097 721 2204 ignota
740 2098 805 2176 illa
821 2125 979 2204 prorsus
994 2096 1212 2177 Christiana
1230 2097 1371 2189 virtuS,

300 2227 359 2305 sui
374 2229 629 2333 contemptrix
650 2255 694 2306 ac
708 2227 851 2308 nescia.

353 2355 456 2455 Quid
469 2359 574 2464 quod
589 2359 648 2436 161
663 2358 785 2464 ipsam
799 2359 942 2466 peccati
958 2357 1227 2465 cogitationem
1242 2383 1374 2462 pecca·

205 2591 208 2596 ,
300 2485 349 2564 tis
370 2506 613 2567 annumerat
650 2489 919 2568 Antoninus³l
951 2490 1032 2566 Hoc
1068 2487 1376 2592 frequentissime

302 2621 403 2724 apud
425 2621 665 2701 Christianos
684 2624 887 2728 scriptores
907 2605 1087 2712 iecurrit,
1116 2619 1215 2697 male
1235 2619 1371 2711 facere,

302 2753 401 2832 male
413 2754 523 2846 velle,
546 2754 644 2832 male
665 2755 848 2860 cogitare,
867 2781 914 2832 ex
928 2781 1038 2859 aequo
1053 2752 1248 2831 vetitum⁴.
1262 2751 1376 2857 Apud

303 2913 373 2965 nos
394 2902 431 2964 et
454 2886 619 2992 cogitare
633 2913 789 2992 peccare
807 2905 877 2978 est,
900 2885 997 2964 dixit
1018 2884 1243 2973 Minucius⁵,
1265 2884 1375 2989 quasi

303 3046 347 3098 ea
361 3019 422 3097 lex
438 3018 672 3098 Christianis
686 3035 785 3097 esset
797 3019 962 3097 maxime
974 3017 1187 3107 familiaris,
1201 3014 1375 3096 Ethnicis

302 3175 392 3229 vero
417 3148 591 3228 minime.
622 3149 747 3228 Credo
774 3151 950 3255 equidem
974 3149 1094 3239 hauc,
1124 3148 1306 3253 gliscente
1333 3146 1375 3225 in

305 3283 386 3362 dies
413 3309 565 3361 morum
589 3283 828 3391 corruptela,
862 3286 995 3362 Rornae
1026 3284 1221 3361 desuetam
1251 3280 1376 3358 abole-

306 3414 505 3514 visseQui
517 3417 621 3494 euim
632 3444 793 3522 pravum
805 3416 948 3522 aliquid
958 3415 1122 3520 cogitare
1134 3414 1375 3506 erubescant,

305 3574 401 3652 quos
430 3547 571 3653 patrati
587 3547 738 3627 sceleris
766 3575 844 3625 non
871 3547 1011 3653 pudet?
1030 3545 1079 3625 m
1102 3546 1238 3625 veteris
1252 3543 1375 3653 philo·

348 3867 359 3908 ¹
375 3865 420 3929 M.
438 3867 584 3934 Antonin.
601 3883 625 3945 1,
642 3872 670 3930 7.
686 3902 725 3913 —
740 3881 793 3945 111,
809 3871 839 3928 7.

344 3980 356 4011 ¹
374 3973 414 4035 At
436 3973 599 4034 enimcum
619 3972 728 4052 aliquid
745 3971 898 4054 pulchrius
920 3970 1056 4034 elocutus
1073 3985 1152 4046 sum,
1170 3967 1274 4049 placeo
1292 3965 1377 4046 mihi,

315 4075 432 4157 deoque
448 4077 647 4158 eloquentiam
658 4077 754 4160 fugio.
771 4075 894 4160 (Front.
913 4078 1011 4158 Epist.
1028 4076 1069 4140 od
1084 4084 1128 4138 M.
1142 4075 1250 4140 Aurel.
1264 4081 1378 4138 Cesar.

307 4182 341 4244 de
354 4183 545 4261 eloquentia.)

347 4297 359 4326 ⁸
374 4287 421 4353 M.
439 4289 585 4350 Antonin.
604 4304 628 4366 1,
644 4292 674 4350 3.

348 4403 359 4432 ⁴
373 4393 550 4456 Tertullion.
567 4396 720 4474 Apolopet.
734 4397 783 4480 36,

349 4511 363 4539 '
375 4500 421 4564 M.
434 4499 587 4564 Minucius
599 4499 695 4579 Felix,
708 4501 858 4563 Octavius.
