3614 5480
875 652 916 662 ...
936 617 976 680 2⁴
996 649 1035 661 .-

421 748 561 828 mentis
583 762 734 826 tantum
762 748 1032 827 communione
1053 745 1277 854 coujunctos
1293 752 1318 840 ¹,
1336 747 1377 826 hi
1400 772 1492 826 vero

422 906 464 958 re
479 907 523 956 ac
543 877 733 986 sanguine
745 894 943 985 cognatos,
961 895 1078 986 atque
1095 905 1142 958 ex
1156 905 1233 956 una
1251 878 1369 986 stirpe
1384 879 1490 984 geni-

421 1027 481 1090 tos
497 1009 774 1102 existimarent,
795 1026 838 1088 ut
852 1036 873 1087 a
885 1010 906 1090 J
910 1010 1028 1090 udaeis
1043 1026 1266 1116 acceperant
1276 1016 1302 1087 ².

477 1141 635 1249 Aliquid
647 1160 747 1221 certe
764 1169 811 1220 ex
829 1141 927 1222 tristi
945 1168 988 1220 ac
1008 1142 1141 1222 tetrica
1155 1141 1359 1220 stoicorum
1378 1142 1492 1220 disci-

422 1272 530 1381 plina
545 1274 708 1354 detraxit
725 1273 947 1353 Antoninus
962 1305 971 1364 ;
990 1274 1131 1380 quibus
1145 1273 1340 1381 placuerat
1361 1271 1494 1352 onmia

423 1429 507 1482 esse
530 1401 638 1510 paria
662 1419 832 1509 peccata.
852 1402 913 1482 Ab
937 1403 1010 1481 ista
1036 1403 1237 1509 opinione,
1263 1404 1345 1494 oui,
1375 1419 1417 1481 ut
1441 1402 1494 1480 ait

422 1531 603 1626 Flaccus;
642 1561 777 1613 sensus
802 1562 1003 1642 moresque
1033 1539 1289 1642 repugnant³,
1320 1535 1495 1615 discessit

425 1663 617 1756 Aurelius,
633 1682 671 1744 et
688 1665 952 1772 Theophrasto
967 1693 1145 1746 assensus
1159 1681 1232 1758 est,
1246 1665 1398 1745 diversa
1410 1693 1501 1774 pee-

424 1810 595 1874 catorum
620 1823 759 1903 geuera
776 1795 1064 1904 distinguenti⁴.
1088 1799 1164 1878 Nec
1185 1798 1306 1904 magis
1329 1797 1495 1876 stoicum

427 1921 521 2004 illud
534 1925 711 2031 probavit
729 1954 738 2002 :
757 1926 1055 2006 misericordiam
1071 1924 1173 2004 vitiis
1188 1925 1248 2004 vel
1266 1925 1412 2004 morbis
1427 1951 1496 2003 an·

427 2058 705 2136 numerandam
721 2085 818 2152 esse,
836 2087 880 2137 ac
895 2058 1088 2138 neminem
1113 2057 1398 2137 misericordem
1414 2083 1496 2136 esse

425 2187 502 2266 nisi
524 2187 682 2268 stultum
703 2206 742 2268 et
767 2191 927 2269 lerem⁸.
955 2190 1170 2270 Humanius
1194 2189 1351 2299 quidem
1371 2189 1503 2269 Marco

427 2319 572 2399 dictum
603 2348 613 2396 ε
645 2354 663 2394 ‹
685 2321 902 2426 Sapientem
919 2323 1025 2400 decet
1048 2321 1312 2427 insipientium
1333 2321 1500 2426 quodam

428 2449 543 2528 modo
577 2451 768 2543 misereri,
800 2451 895 2556 'quia
931 2451 1022 2558 quid
1055 2451 1104 2530 sit
1136 2450 1230 2529 honi
1265 2449 1403 2529 malive
1436 2478 1499 2530 ne·

428 2579 594 2659 sciuut⁶.
612 2620 629 2654 ι
649 2579 694 2658 ln
712 2580 785 2660 hoc
805 2581 965 2662 fortasse
988 2582 1117 2660 minus
1138 2579 1303 2675 stoicuS,
1329 2584 1396 2662 sed
1418 2607 1499 2659 non

429 2713 516 2794 ideo
540 2712 783 2793 Christianus
807 2712 1009 2792 habendus
1024 2729 1105 2804 est,
1133 2713 1209 2793 nisi
1235 2710 1499 2792 Christianum

430 2863 540 2953 putes
556 2865 593 2925 et
612 2847 795 2939 Tullium,
820 2847 886 2954 qui
907 2848 1063 2925 stoicam
1080 2848 1126 2925 de
1142 2846 1401 2926 misericordia
1416 2872 1500 2924 sen·

429 2977 588 3055 tentiam
621 2992 700 3056 tam
731 2977 978 3057 vehementer
1010 2994 1124 3083 atque
1153 2993 1262 3055 acute
1293 2977 1505 3054 insectatus

429 3115 522 3188 est⁶.
541 3112 691 3191 Marcus
705 3137 869 3217 quoque,
887 3128 930 3188 ut
943 3111 1154 3217 Epictetus,
1175 3107 1396 3214 abantiquo
1413 3111 1500 3186 Por·

472 3426 550 3489 1θ”τι
568 3438 613 3510 μοί
626 3439 752 3510 συγγενὴς
771 3433 834 3508 οὐχὶ
850 3435 972 3509 αἳματος,
987 3433 1002 3494 ἦ
1019 3436 1165 3508 σπέρματος
1181 3438 1228 3486 τοῦ
1247 3431 1342 3499 αὐτοῦ,
1359 3431 1427 3486 ἀλλὰ
1445 3436 1503 3502 νοῦ,

430 3545 474 3596 καί
495 3543 566 3604 θείας
586 3539 731 3618 ἀπομοίρας
747 3545 869 3616 μέτοχος.
892 3535 950 3616 (Μ.
977 3533 1123 3598 Antonin.
1145 3531 1355 3616 11,1.)—Cf.
1372 3548 1437 3611 xil,
1453 3533 1501 3594 26

468 3634 613 3706 Ἐποίησε
637 3643 667 3700 δὲ
691 3645 718 3712 ἐξ
743 3646 799 3708 ἑνὸς
825 3645 933 3720 αἳματος
954 3649 1006 3699 πᾶν
1027 3645 1098 3708 ἔθνος
1120 3641 1269 3719 ἀνθρώπων.
1294 3637 1385 3718 (Act.
1410 3643 1503 3718 apost.

431 3745 609 3824 xvimam)

471 3861 482 3891 ⁸
498 3849 622 3930 Horat,
640 3859 703 3914 Sat.
722 3868 746 3930 1,
762 3855 794 3928 3,
810 3855 860 3914 97.

471 3957 545 4026 ⁴M.
561 3958 706 4022 Antonin.
722 3974 761 4037 11,
778 3965 826 4020 10.

471 4051 576 4126 ”lineos
589 4067 654 4126 εἶναι
666 4073 748 4134 πᾶθος
764 4076 808 4126 καί
824 4071 954 4131 συστολὴν
970 4071 1115 4145 ἄλογον...
1131 4075 1199 4131 Totae
1214 4071 1309 4143 σοφοὺς
1323 4067 1513 4144 &shnesanch

433 4173 509 4232 εἶναι.
524 4168 668 4250 (Diogen.
683 4169 782 4231 Laert.
803 4185 867 4248 vn,
885 4175 939 4231 111
954 4174 984 4232 et
999 4168 1081 4246 123.)
1199 4191 1202 4200 ⁴

473 4287 485 4317 ⁸
500 4286 540 4338 Τὰ
553 4280 582 4337 δὲ
594 4282 621 4348 ἐξ
635 4283 772 4358 ἀνθρώπων
784 4283 847 4357 φίλα
863 4279 909 4336 διὰ
925 4285 1089 4356 συγγένειαν·
1103 4283 1160 4336 ἔστι
1175 4279 1204 4336 tt
1225 4282 1268 4335 ὅτε
1286 4284 1331 4335 καί
1342 4283 1437 4355 τρόπον
1452 4279 1516 4332 τινίι

432 4389 540 4457 ἐλεεινὰ,
557 4386 593 4443 ‹h'
609 4389 716 4464 ἄγνοιαν
727 4387 827 4462 ἀγαθῶν
842 4393 884 4443 καί
896 4396 990 4443 κακῶν.
1007 4380 1064 4462 (Μ.
1080 4379 1231 4446 Antonin.¹
1244 4395 1283 4460 11,
1301 4379 1363 4457 13.)

474 4499 485 4530 ³
499 4489 564 4554 Cic.
576 4499 786 4571 prothemata,
801 4494 847 4552 31.
