3614 5480
905 642 946 653 -
968 608 1006 672 10
1027 641 1065 654 -

452 733 631 812 manibus
658 735 898 827 exciderent,
925 763 1012 842 quae
1039 737 1147 815 aliter
1169 735 1285 818 luisse
1311 736 1523 817 maluisset.

451 863 544 944 Inde
557 884 639 943 orta
663 883 810 946 naturae
835 868 935 946 mala
950 889 988 946 et
1013 869 1167 947 morbos
1184 869 1356 948 humano
1376 871 1528 976 corpori

451 997 683 1079 inhaerentes
698 1000 940 1108 Chrysippus
962 1002 1231 1083 existimavit¹.
1256 1002 1402 1081 Eadem
1426 1004 1529 1110 apud

451 1129 631 1210 Senecam
650 1132 860 1237 leguntur2.
873 1137 1070 1234 Quantum
1082 1163 1172 1214 vero
1187 1136 1257 1214 iste
1266 1136 1369 1214 Deus
1388 1136 1529 1216 aChri·

452 1261 664 1341 stianorum
681 1263 762 1342 Deo
783 1262 947 1356 differat,
965 1266 1057 1371 quid
1070 1293 1167 1371 opus
1185 1281 1242 1345 est
1257 1265 1384 1344 verbis
1398 1283 1525 1344 osten·

450 1390 650 1500 dere?qui,
663 1393 833 1499 corporis
844 1421 887 1471 ac
899 1393 1030 1501 figurae
1044 1422 1193 1501 expers,
1206 1395 1336 1474 omnia
1350 1394 1395 1474 de
1407 1393 1527 1473 nihilo

451 1523 580 1616 duxit;
597 1542 724 1632 atque,
739 1543 781 1603 ut
795 1543 932 1604 natura
947 1526 1001 1605 sic
1017 1543 1203 1633 potestate
1218 1526 1410 1619 infinitus,
1421 1527 1529 1633 quid-

451 1657 545 1764 quid
558 1657 655 1753 vult,
677 1687 755 1737 uno
771 1660 886 1738 verbo
908 1658 1037 1750 eflicit,
1051 1675 1088 1738 et
1098 1660 1291 1738 obstantia
1304 1687 1465 1765 quaeque
1480 1659 1529 1738 ad

450 1789 690 1895 propositum
718 1818 831 1870 suum
849 1791 1058 1884 convertit,
1080 1819 1253 1870 summus
1277 1792 1444 1871 materiae
1464 1791 1529 1870 do·

451 1925 581 2002 minus
600 1941 636 2004 et
650 1923 913 2003 informator³.

502 2055 702 2134 Docebant
713 2055 820 2134 stoici
831 2057 997 2135 Deorum
1006 2056 1248 2162 providentia
1261 2055 1449 2134 mundum
1463 2053 1527 2132 ad·

451 2183 703 2276 ministrari⁴;
732 2203 772 2262 nt
798 2185 891 2293 quid
919 2186 1024 2264 aliud
1050 2185 1127 2265 illis
1154 2185 1419 2294 providentia,
1450 2184 1526 2263 nisi

449 2313 570 2394 fatum
596 2315 841 2394 ineluctabile
857 2316 892 2393 ⁵?
916 2317 1111 2396 Habemus
1139 2319 1187 2396 de
1217 2317 1289 2394 hae
1314 2315 1527 2423 quaestione

491 2620 501 2663 ¹
515 2617 712 2702 Chrysippus,
726 2623 756 2684 in
770 2620 848 2685 libro
862 2633 921 2704 περὶ
935 2631 1056 2706 προνοίας
1068 2625 1188 2704 quarto,
1204 2623 1352 2686 existimat
1363 2637 1424 2684 non
1439 2619 1530 2685 luisse

449 2723 508 2790 hoc
522 2728 684 2810 principale
696 2733 811 2792 naturae
825 2731 994 2809 eonsilium,
1006 2734 1042 2793 ut
1060 2729 1173 2794 laceret
1184 2729 1322 2792 homines
1341 2729 1455 2793 morbis
1470 2727 1529 2793 ob-

450 2835 573 2906 noxios:
590 2851 742 2914 nunquam
757 2835 901 2898 euimhoo
916 2836 1091 2898 convenisse
1100 2839 1213 2898 naturae
1224 2833 1342 2898 auctori
1352 2834 1530 2916 parentique

449 2954 553 3002 rerum
570 2942 704 3004 omniurn
725 2941 882 3005 bonarum.
897 2940 959 3006 Sed
979 2958 1050 3005 cum
1067 2941 1172 3018 multa,
1188 2939 1296 3021 inquit,
1312 2941 1401 3021 atquc
1420 2955 1530 3020 magna

449 3045 589 3126 gigneret
608 3050 788 3126 pareretque
811 3047 962 3128 aptissima
988 3051 1018 3110 et
1037 3047 1209 3124 utilissima,
1232 3043 1287 3107 alia
1303 3058 1423 3125 quoque
1442 3043 1529 3106 simul

449 3153 557 3232 agnata
570 3154 640 3213 sunt
651 3151 854 3231 incommoda,
865 3151 899 3214 iis
910 3151 980 3232 ipsis
990 3169 1057 3232 quae
1067 3147 1195 3213 faciebat
1205 3147 1397 3230 cohaerentia,
1409 3147 1530 3210 eadem-

449 3269 508 3334 que
520 3269 582 3316 non
596 3271 651 3335 per
662 3260 811 3334 naturam,
823 3256 876 3317 sed
890 3271 945 3335 per
958 3254 1091 3336 sequelas
1104 3254 1246 3336 quasdam
1256 3253 1438 3315 necessarias
1451 3252 1529 3317 lacta

449 3356 542 3438 dicit,
566 3357 648 3437 quod
673 3359 736 3439 lpse
762 3358 889 3440 appellat
911 3367 978 3420 κατὰ
997 3365 1237 3438 παρακολούθησιν.
1258 3355 1321 3436 (Α.
1338 3355 1417 3421 Gell.
1439 3364 1526 3423 Noti.

449 3467 510 3522 Att.
524 3475 574 3540 vr,
592 3461 635 3544 1.)

489 3561 620 3651 ²Quare
641 3565 724 3629 Deus
742 3570 805 3629 tam
819 3567 938 3648 iniquus
957 3568 987 3629 in
1008 3564 1219 3630 distributione
1232 3562 1285 3627 lati
1302 3562 1371 3643 luit,
1385 3566 1422 3628 ut
1439 3561 1527 3628 bonis

448 3670 520 3734 viris
540 3676 761 3754 paupertatem,
786 3673 908 3736 vulnera
930 3676 959 3736 et
979 3671 1087 3736 acerba
1107 3672 1213 3734 funera
1232 3665 1441 3733 adscriberet?
1456 3667 1530 3732 Non

448 3779 549 3855 potest
561 3777 667 3840 artifex
676 3783 795 3843 mutare
808 3780 963 3843 materiam
976 3798 983 3836 ι
995 3779 1059 3842 haec
1070 3795 1156 3860 passa
1170 3781 1225 3841 est.
1239 3773 1390 3863 Quaedam
1398 3775 1531 3858 separari

448 3899 465 3944 a
483 3880 659 3962 quibusdam
680 3901 741 3948 non
759 3890 904 3966 possunt3
926 3884 1097 3957 coherent,
1121 3882 1271 3946 indi-vidua
1288 3885 1368 3945 sunt.
1392 3879 1528 3963 (Senec,

447 3996 492 4050 Dc
506 3993 678 4054 Providerat.
696 3991 747 4071 5.)

488 4105 499 4134 ³
514 4107 551 4157 Τὸ
565 4107 610 4178 μὲν
625 4106 677 4179 γὰρ
693 4105 759 4157 θεῖον
779 4100 916 4178 ἀγέννητον
937 4095 1058 4155 εἶναικαὶ
1073 4097 1172 4166 ἀίδιον,
1187 4120 1222 4173 νῳ
1236 4103 1304 4174 μόνῳ
1315 4102 1358 4152 καὶ
1376 4097 1444 4170 λόγῳ
1459 4099 1527 4151 θεω-

447 4213 583 4284 ρούμενον·
598 4214 643 4269 την
657 4206 686 4262 δὲ
699 4207 764 4268 ὓλην
775 4211 900 4282 μεννητην
915 4212 959 4262 καὶ
973 4208 1099 4282 φθαρτὴν.
1114 4200 1277 4282 (Αῑὴθηθξ.
1294 4199 1382 4279 Apol.
1401 4198 1445 4278 4.)

488 4316 500 4346 ⁴
515 4306 580 4370 Cic.
598 4315 642 4368 De
653 4307 726 4369 Not.
743 4315 887 4381 Deorum,
899 4321 939 4384 Η,
955 4310 1005 4385 29,
1021 4307 1070 4366 66.

489 4401 545 4470 δῆν
558 4439 585 4472 τε
600 4415 666 4472 εἶναι
680 4419 735 4470 θεὸν
754 4423 802 4499 aad¹
812 4423 872 4470 νοῦν
887 4421 930 4470 καὶ
951 4419 1107 4492 εἱμαρμένην
1129 4421 1174 4470 καὶ
1187 4419 1235 4470 Δία
1252 4414 1362 4478 πολλοῖς
1381 4435 1409 4468 τε
1427 4415 1527 4490 ἑτέραις

451 4523 601 4597 ὀνομασίαις
615 4524 869 4597 προσονομάζεσθαι.
887 4513 990 4596 (DlOg-
1010 4515 1110 4578 Lbell-
1127 4530 1186 4594 vii,
1203 4516 1291 4592 135.)
