3614 5480
745 569 903 632 ..13-

284 697 1361 807 anteadissociabiles,divinamprovidentiametliherum

283 829 453 908 hominis
468 828 668 907 arbitrium
688 829 841 909 miscuit
859 839 884 923 ¹3
905 831 1104 913 divinandi
1120 863 1209 915 vero
1224 856 1359 931 artem,

283 978 327 1040 ut
343 961 582 1039 temerariam
603 977 641 1038 et
660 961 884 1068 sacrilegam
907 964 1120 1070 prohibuit,
1136 996 1361 1076 quanquam

282 1117 446 1197 paganae
462 1108 583 1169 sortes
604 1090 836 1196 quibusdam
851 1093 892 1169 in
913 1093 1005 1173 locis
1022 1096 1167 1174 tamdiu
1182 1125 1360 1203 perman·

282 1246 377 1315 sere,
395 1221 598 1300 exstinctae
614 1219 810 1327 religionis
825 1241 1120 1303 monumentum
1132 1230 1159 1303 ².
1179 1227 1291 1326 Quod
1312 1232 1360 1308 ad

281 1351 463 1431 humanae
493 1352 634 1430 animae
668 1368 844 1430 naturam
876 1353 1036 1446 attinet,
1073 1382 1153 1433 non
1180 1357 1360 1438 minusa

281 1481 510 1562 Christianis
543 1483 650 1561 stoici
669 1483 958 1562 dissenserunt:
979 1484 1148 1564 animam
1170 1489 1359 1592 putabant

281 1615 437 1721 igneum
470 1642 552 1694 esse
582 1630 620 1693 et
647 1614 823 1695 subtilem
857 1616 1022 1708 aethera,
1053 1639 1168 1724 πνεῦμα
1201 1637 1355 1729 ἔνθερμον,

281 1747 384 1830 illius
399 1777 484 1856 quae
497 1748 686 1827 mundum
702 1748 822 1853 agitat
838 1749 978 1828 animae
993 1751 1237 1854 particulam
1254 1783 1355 1862 quae,

280 1909 366 1959 cum
383 1907 522 1988 corpus
534 1880 705 1968 haberet,
725 1880 766 1957 in
786 1879 970 1984 plurimas
987 1903 1113 1987 partes
1124 1886 1242 1966 dividi
1255 1905 1359 1994 pote·

279 2013 375 2087 rat⁸.
388 2012 561 2090 Fuerunt
576 2036 742 2119 quoqne,
757 2009 894 2115 primis
907 2011 1085 2092 Ecclesiae
1102 2015 1354 2122 temporibus,

280 2139 490 2220 Christiani
507 2141 679 2220 doctores
696 2140 762 2248 qui
783 2140 951 2220 animam
970 2145 1207 2250 corporalem
1228 2147 1356 2227 existi·

278 2269 430 2352 marent
447 2275 475 2351 ⁴.
497 2272 547 2352 At
566 2300 655 2352 vera
680 2272 823 2352 Christi
844 2273 1033 2370 doctrina,
1055 2277 1209 2384 qualem
1230 2279 1358 2389 Augu·

279 2405 402 2484 stinus
419 2405 690 2512 interpretatus
707 2421 778 2498 est,
800 2405 874 2484 hoc
895 2406 1031 2487 habuit
1052 2409 1250 2516 placitum,
1274 2414 1356 2491 ani·

278 2563 381 2614 marn
392 2536 632 2644 incorporale
643 2536 788 2644 aliquid
803 2563 899 2628 esse,
920 2557 957 2616 et
967 2538 1052 2618 ideo
1067 2539 1228 2650 simplex
1244 2559 1357 2651 atque

278 2669 760 2777 individuum.Postquam
774 2687 901 2749 nutem
914 2672 1103 2751 recentior
1112 2673 1355 2783 philosophia

278 2793 443 2879 veterem
456 2800 504 2878 de
518 2799 704 2878 materiali
717 2826 761 2876 ac
773 2799 969 2877 communi
982 2800 1111 2877 anima
1124 2806 1355 2885 sententiam

279 2957 300 3008 e
315 2931 441 3010 medio
456 2930 634 3011 redivivae
649 2927 888 3037 antiquitatis
905 2926 1063 3036 pulvere
1078 2930 1351 3028 suscitavisset,

279 3060 379 3140 hanc
408 3062 548 3140 summi
579 3059 773 3167 pontilicis
792 3059 1013 3152 auctoritas,
1036 3086 1167 3140 coram
1184 3063 1351 3172 Europa,

278 3191 513 3270 damnavit⁵.

319 3538 520 3621 ¹Augustln.‚
535 3547 579 3602 Dc
590 3547 663 3604 Not.
678 3545 706 3602 et
712 3541 826 3622 pratia.
840 3574 878 3587 -
891 3548 936 3603 Dc
948 3549 1033 3604 Grot.
1044 3548 1073 3604 ct
1082 3542 1132 3605 tib.
1144 3543 1233 3606 arbit.

317 3641 477 3722 ’Gregon
493 3640 614 3706 Turon.
629 3643 708 3708 nist.
723 3650 835 3706 mooe.
851 3642 902 3706 h'h.
919 3660 958 3706 u.

317 3763 330 3794 ⁸
341 3765 429 3822 Ζήνων
442 3757 472 3816 ll
485 3764 529 3816 acl
541 3749 702 3838 lariacrpoc
714 3759 740 3816 ἐν
755 3765 880 3838 τοῖςπερὶ
892 3758 985 3835 ψυχῆς
1002 3764 1046 3816 καὶ
1061 3759 1235 3825 Ποσειδώνιος
1249 3769 1353 3839 πνεῦμα

277 3867 396 3944 ἔνθερμον
419 3864 549 3928 εἶναιτὴν
568 3864 697 3942 ψυχήν...
717 3871 790 3944 Μέρη
813 3863 843 3921 δὲ
858 3864 950 3941 ψυχῆς
970 3866 1090 3942 λέγουσιν
1112 3865 1192 3936 ὀκτώ,
1211 3870 1258 3930 τὰς
1276 3873 1352 3926 πέντι

277 3973 424 4042 αἰσθήσεις,
437 3975 553 4036 καὶτοὺς
567 3972 593 4028 ἐν
610 3975 670 4048 ἡμῖν
687 3974 881 4048 σπερματικοὺς
891 3972 998 4046 λόγους,
1009 3976 1051 4026 καὶ
1060 3973 1089 4025 τό
1102 3975 1254 4047 φωνητικὸν,
1265 3978 1308 4030 καὶ
1322 3979 1353 4032 τὸ

277 4079 435 4153 λογιστικόν.
457 4073 569 4155 (Diog.
594 4073 695 4137 Laert.
720 4088 786 4153 vu,
805 4073 941 4154 157.)-
959 4069 1009 4136 Cf.
1024 4069 1179 4136 Plutarch.
1204 4081 1250 4136 Dc
1275 4075 1352 4155 plo·-

278 4180 471 4261 Iosophorum
477 4182 612 4261 placitis,
630 4196 679 4260 iv,
693 4180 724 4242 4.

317 4285 518 4350 ⁴Tertullian.
535 4292 578 4348 Dc
591 4287 709 4348 anima.

211 4430 213 4434 ν
317 4387 909 4469 ¹'Leonisubultadcc19,aun.1513,
923 4383 1349 4468 respondeaturque
