3614 5480
886 583 1044 651 ..12..

431 718 580 826 sippus,
600 719 667 826 qui
686 743 819 826 sparsa
831 719 961 798 stoicae
978 718 1192 825 disciplinae
1204 735 1507 828 praeceptacom·

430 849 559 957 posuit
576 850 655 930 suis
671 850 712 927 in
728 850 851 941 libris,
871 866 908 928 et
921 877 997 956 quo
1010 849 1174 942 sublato,
1190 868 1232 929 ut
1247 852 1301 930 ait
1316 852 1509 958 Diogenes

430 983 622 1074 Laertius,
654 1010 732 1060 non
758 999 856 1061 esset
893 981 1102 1062 Porticus¹.
1123 984 1269 1064 Omnes
1299 984 1506 1064 stoicorum

431 1113 626 1221 principes
647 1113 727 1192 vim
751 1140 834 1192 esse
847 1112 1048 1192 divinandi
1064 1113 1189 1219 palam
1206 1113 1366 1221 professi
1392 1131 1505 1210 sunt,

432 1260 589 1354 excepto
610 1244 800 1335 Panaetio,
825 1243 1019 1351 Antipatri
1042 1244 1253 1352 discipulo;
1270 1246 1335 1353 qui
1355 1263 1503 1340 tamen,

431 1394 472 1455 ut
488 1374 773 1468 refertTullius,
789 1403 1016 1481 nonnegare
1031 1403 1146 1455 ausus
1163 1392 1233 1469 est,
1248 1376 1314 1456 sed
1330 1377 1505 1456 dubitare

437 1533 477 1584 se
506 1505 638 1584 dixis.
663 1505 847 1605 Quamvis
865 1504 920 1582 illi
942 1533 1051 1583 suam
1068 1507 1114 1584 de
1127 1503 1343 1585 futurorum
1362 1505 1507 1614 signifi·

429 1635 577 1714 catione
600 1636 828 1714 sententiam
854 1663 876 1712 a
898 1635 1074 1742 populari
1095 1634 1278 1742 opinione
1293 1635 1507 1742 diligentis·

431 1767 525 1847 sime
540 1768 833 1875 distinguerent,
855 1768 896 1847 in
912 1769 1077 1848 absurda
1093 1769 1309 1875 vulgarium
1323 1769 1507 1874 supersti-

432 1896 580 1977 tionum
606 1914 778 1976 monstra
805 1900 1062 1978 recidebant³.
1087 1899 1207 1979 Nemo
1230 1899 1334 1978 enim
1360 1898 1501 1990 nescit,

432 2027 579 2134 aliquot
609 2029 744 2108 diebus
774 2046 980 2136 antequam
1013 2056 1143 2135 pugna
1173 2030 1276 2135 apud
1308 2029 1507 2136 Philippos

432 2159 750 2251 committeretur,
778 2187 890 2238 suum
915 2160 967 2237 M.
997 2160 1114 2237 Bruto
1142 2159 1295 2265 genium
1324 2187 1507 2267 apparere

432 2288 557 2368 visum
576 2286 730 2368 fuisset
763 2291 887 2389 Quem
904 2290 939 2368 J.
960 2289 1122 2370 Caesaris
1141 2288 1256 2368 facies
1274 2307 1329 2368 tot
1348 2291 1505 2370 armatis

432 2419 618 2498 militibus
642 2419 900 2528 praesentique
925 2420 1171 2500 victoriarum
1202 2437 1353 2501 caterva
1378 2422 1507 2528 stipati

433 2580 511 2630 non
534 2569 740 2642 terruerat,
772 2552 804 2631 is
831 2580 970 2630 vanam
997 2552 1181 2659 expalluit
1206 2554 1435 2662 imaginem,
1453 2572 1504 2642 et,

433 2682 556 2762 victus
571 2699 659 2762 ante
678 2685 812 2777 aciem,
833 2682 881 2762 de
899 2683 991 2776 diis,
1008 2683 1055 2761 de
1074 2683 1216 2791 patria,
1236 2711 1279 2763 ac
1293 2687 1340 2765 de
1353 2684 1508 2792 propria

434 2816 548 2897 etiam
562 2817 702 2898 virtute
716 2817 946 2922 desperavit.

484 2950 628 3032 Stoicus
660 2952 707 3030 de
736 2949 815 3028 lato
844 2978 888 3028 ac
911 2950 1149 3030 divinatione
1174 2949 1377 3057 opiniones
1401 2952 1509 3032 Chri-

434 3083 560 3162 stiana
582 3083 749 3161 Ecclesia
764 3109 915 3188 semper
937 3097 1109 3161 aversata
1125 3099 1207 3161 est:
1225 3109 1312 3190 quae
1331 3085 1426 3163 duas
1448 3111 1508 3163 res

474 3479 484 3520 ¹
500 3485 531 3538 Εἰ
540 3487 575 3558 μὴ
586 3483 635 3558 γὰρ
647 3478 677 3544 ἦν
688 3485 859 3558 Χρύσιππος,
874 3479 921 3536 οὐκ
935 3480 966 3536 ἂν
980 3477 1012 3544 ἦν
1029 3486 1105 3538 uada.
1118 3474 1224 3560 (Πίος.
1234 3475 1337 3541 Laeli.
1348 3493 1413 3558 Vll,
1427 3479 1510 3560 183.)

473 3589 486 3620 ²
500 3580 567 3644 Cic.
585 3589 628 3645 Da
642 3582 850 3657 Divinatione,
864 3600 889 3661 1,
900 3584 931 3644 3.

474 3696 486 3726 ⁸
502 3685 575 3752 Non
586 3688 684 3769 placet
695 3688 797 3751 stoicis
810 3687 933 3769 singulis
946 3688 1085 3768 jecorum
1095 3685 1184 3768 fissis,
1198 3690 1253 3752 aut
1263 3687 1362 3750 avium
1372 3684 1508 3750 cantibus

432 3794 577 3857 interesse
588 3793 689 3857 Deum
702 3813 709 3852 :
724 3795 913 3875 nequeenim
926 3793 1070 3858 decorum
1083 3798 1140 3875 est,
1156 3810 1211 3857 nec
1223 3793 1290 3856 Diis
1302 3793 1439 3875 (lignum,
1450 3808 1507 3856 nec

431 3897 499 3962 lieri
518 3899 578 3963 ullo
592 3905 680 3981 pacto
694 3905 815 3982 potest3
834 3901 888 3964 sed
900 3902 969 3964 itaa
984 3900 1132 3982 principio
1145 3900 1319 3964 inchoatum
1333 3915 1397 3961 esse
1415 3915 1508 3961 mun-

434 4003 518 4084 dum,
533 4010 568 4069 ut
585 4009 675 4070 certis
691 4006 782 4070 rebus
795 4010 879 4070 certa
893 4007 979 4088 signa
994 4009 1227 4086 praecurrerent,
1242 4005 1296 4068 alia
1313 4005 1344 4067 in
1354 4005 1440 4081 extis,
1455 4003 1511 4068 alia

434 4113 464 4173 in
478 4111 592 4191 avibus,
606 4113 663 4176 alia
684 4115 715 4175 in
733 4113 914 4194 fulguribus,
930 4114 988 4177 alia
1004 4114 1033 4176 in
1055 4113 1192 4193 ostentis,
1213 4112 1268 4175 alia
1287 4113 1318 4174 in
1336 4110 1439 4190 stellis,
1454 4111 1510 4173 alia

432 4218 462 4280 iu
488 4216 700 4280 somniantium
727 4218 819 4296 visis,
848 4217 902 4280 alia
929 4216 1147 4280 inferentium
1175 4213 1310 4281 vocibus·
1342 4213 1433 4296 (Cic.
1465 4221 1511 4278 De

438 4322 571 4386 vicinat.
588 4337 612 4401 1,
628 4323 689 4398 52)

473 4428 664 4510 ⁴Plutarclr.,
685 4437 807 4492 Brutus.
