<?xml version="1.0" encoding="UTF-8"?>
<!DOCTYPE html PUBLIC "-//W3C//DTD XHTML 1.0 Transitional//EN"
    "http://www.w3.org/TR/xhtml1/DTD/xhtml1-transitional.dtd">
<html xmlns="http://www.w3.org/1999/xhtml" xml:lang="en" lang="en">
 <head>
  <title>
</title>
<meta http-equiv="Content-Type" content="text/html;charset=utf-8" />
  <meta name='ocr-system' content='tesseract 3.04.00' />
  <meta name='ocr-capabilities' content='ocr_page ocr_carea ocr_par ocr_line ocrx_word'/>
</head>
<body>
  <div class='ocr_page' id='page_1' title='image "anstoicamaanton00filogoog_0040.png"; bbox 0 0 3614 5480; ppageno 0'>
   <div class='ocr_carea' id='block_1_1' title="bbox 295 559 1378 4106">
    <p class='ocr_par' dir='ltr' id='par_1_1' title="bbox 757 559 916 622">
     <span class='ocr_line' id='line_1_1' title="bbox 757 559 916 622; baseline 0 -18"><span class='ocrx_word' id='word_1_1' title='bbox 757 595 795 604; x_wconf 71' lang='grc'><strong>.,</strong></span> <span class='ocrx_word' id='word_1_2' title='bbox 816 559 856 622; x_wconf 73' lang='lat'><strong>29</strong></span> <span class='ocrx_word' id='word_1_3' title='bbox 877 595 916 604; x_wconf 82' lang='grc'><strong>..</strong></span> 
     </span>
    </p>

    <p class='ocr_par' dir='ltr' id='par_1_2' title="bbox 295 690 1372 1330">
     <span class='ocr_line' id='line_1_2' title="bbox 296 690 1369 802; baseline -0.002 -28"><span class='ocrx_word' id='word_1_4' title='bbox 296 699 376 802; x_wconf 81' lang='lat' dir='ltr'><strong>ipse</strong></span> <span class='ocrx_word' id='word_1_5' title='bbox 389 723 468 802; x_wconf 82' lang='lat' dir='ltr'><strong>qnoe</strong></span> <span class='ocrx_word' id='word_1_6' title='bbox 481 696 585 773; x_wconf 80' lang='lat' dir='ltr'><strong>vult¹.</strong></span> <span class='ocrx_word' id='word_1_7' title='bbox 609 693 670 774; x_wconf 89' lang='lat' dir='ltr'><strong>Sic</strong></span> <span class='ocrx_word' id='word_1_8' title='bbox 685 692 875 798; x_wconf 89' lang='lat' dir='ltr'><strong>loquendo</strong></span> <span class='ocrx_word' id='word_1_9' title='bbox 888 690 1149 798; x_wconf 82' lang='lat' dir='ltr'><strong>Hipponensis</strong></span> <span class='ocrx_word' id='word_1_10' title='bbox 1168 693 1369 799; x_wconf 91' lang='lat' dir='ltr'><strong>episcopus</strong></span> 
     </span>
     <span class='ocr_line' id='line_1_3' title="bbox 299 821 1372 936; baseline -0.002 -31"><span class='ocrx_word' id='word_1_11' title='bbox 299 853 423 936; x_wconf 90' lang='lat' dir='ltr'><strong>neque</strong></span> <span class='ocrx_word' id='word_1_12' title='bbox 450 824 621 906; x_wconf 86' lang='lat' dir='ltr'><strong>divinam</strong></span> <span class='ocrx_word' id='word_1_13' title='bbox 645 823 938 932; x_wconf 88' lang='lat' dir='ltr'><strong>providentiam,</strong></span> <span class='ocrx_word' id='word_1_14' title='bbox 955 849 1079 930; x_wconf 91' lang='lat' dir='ltr'><strong>neque</strong></span> <span class='ocrx_word' id='word_1_15' title='bbox 1096 821 1306 902; x_wconf 83' lang='lat' dir='ltr'><strong>humanam</strong></span> <span class='ocrx_word' id='word_1_16' title='bbox 1332 826 1372 904; x_wconf 87' lang='grc' dir='ltr'><strong>Ιί-</strong></span> 
     </span>
     <span class='ocr_line' id='line_1_4' title="bbox 298 955 1372 1065; baseline 0 -28"><span class='ocrx_word' id='word_1_17' title='bbox 298 959 483 1038; x_wconf 89' lang='lat' dir='ltr'><strong>bertatem</strong></span> <span class='ocrx_word' id='word_1_18' title='bbox 512 955 767 1065; x_wconf 83' lang='lat' dir='ltr'><strong>impugnavit,</strong></span> <span class='ocrx_word' id='word_1_19' title='bbox 800 973 837 1034; x_wconf 88' lang='lat' dir='ltr'><strong>et</strong></span> <span class='ocrx_word' id='word_1_20' title='bbox 863 955 959 1034; x_wconf 84' lang='lat' dir='ltr'><strong>tanti</strong></span> <span class='ocrx_word' id='word_1_21' title='bbox 987 957 1171 1034; x_wconf 83' lang='lat' dir='ltr'><strong>momenti</strong></span> <span class='ocrx_word' id='word_1_22' title='bbox 1198 958 1372 1064; x_wconf 83' lang='lat' dir='ltr'><strong>quaestio·</strong></span> 
     </span>
     <span class='ocr_line' id='line_1_5' title="bbox 298 1087 1368 1197; baseline -0.002 -28"><span class='ocrx_word' id='word_1_23' title='bbox 298 1119 401 1182; x_wconf 89' lang='lat' dir='ltr'><strong>nem,</strong></span> <span class='ocrx_word' id='word_1_24' title='bbox 422 1091 463 1170; x_wconf 93' lang='lat' dir='ltr'><strong>in</strong></span> <span class='ocrx_word' id='word_1_25' title='bbox 477 1120 554 1196; x_wconf 90' lang='lat' dir='ltr'><strong>qua</strong></span> <span class='ocrx_word' id='word_1_26' title='bbox 566 1088 806 1197; x_wconf 86' lang='lat' dir='ltr'><strong>Chrysippus</strong></span> <span class='ocrx_word' id='word_1_27' title='bbox 820 1087 1116 1195; x_wconf 83' lang='lat' dir='ltr'><strong>Antoninusque</strong></span> <span class='ocrx_word' id='word_1_28' title='bbox 1128 1107 1368 1182; x_wconf 87' lang='lat' dir='ltr'><strong>erraverunt,</strong></span> 
     </span>
     <span class='ocr_line' id='line_1_6' title="bbox 295 1222 711 1330; baseline -0.002 -27"><span class='ocrx_word' id='word_1_29' title='bbox 295 1224 521 1330; x_wconf 90' lang='lat' dir='ltr'><strong>simpliciter</strong></span> <span class='ocrx_word' id='word_1_30' title='bbox 537 1222 711 1302; x_wconf 85' lang='lat' dir='ltr'><strong>exsolvit.</strong></span> 
     </span>
    </p>

    <p class='ocr_par' dir='ltr' id='par_1_3' title="bbox 296 1350 1378 3683">
     <span class='ocr_line' id='line_1_7' title="bbox 349 1350 1372 1458; baseline -0.002 -25"><span class='ocrx_word' id='word_1_31' title='bbox 349 1355 441 1434; x_wconf 88' lang='lat' dir='ltr'><strong>Haec</strong></span> <span class='ocrx_word' id='word_1_32' title='bbox 458 1353 577 1432; x_wconf 86' lang='lat' dir='ltr'><strong>stoica</strong></span> <span class='ocrx_word' id='word_1_33' title='bbox 598 1352 645 1431; x_wconf 93' lang='lat' dir='ltr'><strong>de</strong></span> <span class='ocrx_word' id='word_1_34' title='bbox 665 1350 742 1430; x_wconf 90' lang='lat' dir='ltr'><strong>fato</strong></span> <span class='ocrx_word' id='word_1_35' title='bbox 756 1350 947 1432; x_wconf 90' lang='lat' dir='ltr'><strong>sententia</strong></span> <span class='ocrx_word' id='word_1_36' title='bbox 965 1379 1081 1458; x_wconf 89' lang='lat' dir='ltr'><strong>quam</strong></span> <span class='ocrx_word' id='word_1_37' title='bbox 1100 1351 1312 1458; x_wconf 86' lang='lat' dir='ltr'><strong>periculosa</strong></span> <span class='ocrx_word' id='word_1_38' title='bbox 1328 1380 1372 1431; x_wconf 91' lang='lat' dir='ltr'><strong>ac</strong></span> 
     </span>
     <span class='ocr_line' id='line_1_8' title="bbox 296 1484 1368 1590; baseline -0.004 -26"><span class='ocrx_word' id='word_1_39' title='bbox 296 1485 449 1566; x_wconf 79' lang='lat' dir='ltr'><strong>funesta</strong></span> <span class='ocrx_word' id='word_1_40' title='bbox 474 1487 536 1577; x_wconf 92' lang='lat' dir='ltr'><strong>sit,</strong></span> <span class='ocrx_word' id='word_1_41' title='bbox 563 1484 657 1563; x_wconf 86' lang='lat' dir='ltr'><strong>satis</strong></span> <span class='ocrx_word' id='word_1_42' title='bbox 681 1499 906 1590; x_wconf 83' lang='lat' dir='ltr'><strong>argumento</strong></span> <span class='ocrx_word' id='word_1_43' title='bbox 926 1500 984 1562; x_wconf 91' lang='lat' dir='ltr'><strong>est</strong></span> <span class='ocrx_word' id='word_1_44' title='bbox 1001 1485 1123 1590; x_wconf 91' lang='lat' dir='ltr'><strong>ipsius</strong></span> <span class='ocrx_word' id='word_1_45' title='bbox 1140 1485 1257 1562; x_wconf 85' lang='lat' dir='ltr'><strong>Marci</strong></span> <span class='ocrx_word' id='word_1_46' title='bbox 1277 1484 1368 1561; x_wconf 87' lang='lat' dir='ltr'><strong>vita.</strong></span> 
     </span>
     <span class='ocr_line' id='line_1_9' title="bbox 298 1617 1373 1700; baseline -0.006 0"><span class='ocrx_word' id='word_1_47' title='bbox 298 1621 395 1700; x_wconf 83' lang='lat' dir='ltr'><strong>Cum</strong></span> <span class='ocrx_word' id='word_1_48' title='bbox 417 1618 618 1697; x_wconf 91' lang='lat' dir='ltr'><strong>hominum</strong></span> <span class='ocrx_word' id='word_1_49' title='bbox 647 1617 739 1695; x_wconf 89' lang='lat' dir='ltr'><strong>vitia</strong></span> <span class='ocrx_word' id='word_1_50' title='bbox 760 1643 782 1692; x_wconf 87' lang='lat' dir='ltr'><strong>a</strong></span> <span class='ocrx_word' id='word_1_51' title='bbox 807 1633 944 1694; x_wconf 89' lang='lat' dir='ltr'><strong>natura</strong></span> <span class='ocrx_word' id='word_1_52' title='bbox 964 1617 1079 1695; x_wconf 87' lang='lat' dir='ltr'><strong>insita</strong></span> <span class='ocrx_word' id='word_1_53' title='bbox 1097 1644 1140 1694; x_wconf 90' lang='lat' dir='ltr'><strong>ac</strong></span> <span class='ocrx_word' id='word_1_54' title='bbox 1159 1617 1373 1696; x_wconf 85' lang='lat' dir='ltr'><strong>necessaria</strong></span> 
     </span>
     <span class='ocr_line' id='line_1_10' title="bbox 298 1747 1373 1856; baseline -0.002 -25"><span class='ocrx_word' id='word_1_55' title='bbox 298 1752 465 1843; x_wconf 88' lang='lat' dir='ltr'><strong>duceret,</strong></span> <span class='ocrx_word' id='word_1_56' title='bbox 481 1750 528 1830; x_wconf 91' lang='lat' dir='ltr'><strong>iis</strong></span> <span class='ocrx_word' id='word_1_57' title='bbox 546 1778 622 1828; x_wconf 92' lang='lat' dir='ltr'><strong>non</strong></span> <span class='ocrx_word' id='word_1_58' title='bbox 640 1750 732 1828; x_wconf 91' lang='lat' dir='ltr'><strong>satis</strong></span> <span class='ocrx_word' id='word_1_59' title='bbox 745 1747 905 1827; x_wconf 86' lang='lat' dir='ltr'><strong>fortasse</strong></span> <span class='ocrx_word' id='word_1_60' title='bbox 919 1748 1058 1827; x_wconf 89' lang='lat' dir='ltr'><strong>acriter</strong></span> <span class='ocrx_word' id='word_1_61' title='bbox 1072 1767 1187 1856; x_wconf 88' lang='lat' dir='ltr'><strong>atque</strong></span> <span class='ocrx_word' id='word_1_62' title='bbox 1201 1749 1373 1830; x_wconf 84' lang='lat' dir='ltr'><strong>animose</strong></span> 
     </span>
     <span class='ocr_line' id='line_1_11' title="bbox 298 1879 1373 1989; baseline 0.001 -29"><span class='ocrx_word' id='word_1_63' title='bbox 298 1884 520 1964; x_wconf 87' lang='lat' dir='ltr'><strong>adversatus</strong></span> <span class='ocrx_word' id='word_1_64' title='bbox 542 1900 613 1961; x_wconf 89' lang='lat' dir='ltr'><strong>est.</strong></span> <span class='ocrx_word' id='word_1_65' title='bbox 637 1879 761 1960; x_wconf 90' lang='lat' dir='ltr'><strong>Testis</strong></span> <span class='ocrx_word' id='word_1_66' title='bbox 783 1880 922 1958; x_wconf 89' lang='lat' dir='ltr'><strong>Lucius</strong></span> <span class='ocrx_word' id='word_1_67' title='bbox 936 1882 1073 1971; x_wconf 87' lang='lat' dir='ltr'><strong>Verus,</strong></span> <span class='ocrx_word' id='word_1_68' title='bbox 1092 1881 1208 1959; x_wconf 82' lang='lat' dir='ltr'><strong>frater</strong></span> <span class='ocrx_word' id='word_1_69' title='bbox 1225 1883 1373 1989; x_wconf 86' lang='lat' dir='ltr'><strong>adopti-</strong></span> 
     </span>
     <span class='ocr_line' id='line_1_12' title="bbox 298 2012 1374 2120; baseline -0.003 -25"><span class='ocrx_word' id='word_1_70' title='bbox 298 2044 384 2107; x_wconf 90' lang='lat' dir='ltr'><strong>vus,</strong></span> <span class='ocrx_word' id='word_1_71' title='bbox 406 2012 572 2093; x_wconf 89' lang='lat' dir='ltr'><strong>imbellis</strong></span> <span class='ocrx_word' id='word_1_72' title='bbox 593 2012 743 2119; x_wconf 89' lang='lat' dir='ltr'><strong>imperii</strong></span> <span class='ocrx_word' id='word_1_73' title='bbox 766 2012 906 2106; x_wconf 80' lang='lat' dir='ltr'><strong>sociuS,</strong></span> <span class='ocrx_word' id='word_1_74' title='bbox 925 2015 987 2092; x_wconf 91' lang='lat' dir='ltr'><strong>cui</strong></span> <span class='ocrx_word' id='word_1_75' title='bbox 1003 2013 1122 2091; x_wconf 90' lang='lat' dir='ltr'><strong>otium</strong></span> <span class='ocrx_word' id='word_1_76' title='bbox 1143 2041 1187 2091; x_wconf 90' lang='lat' dir='ltr'><strong>ac</strong></span> <span class='ocrx_word' id='word_1_77' title='bbox 1201 2013 1374 2120; x_wconf 89' lang='lat' dir='ltr'><strong>volupta-</strong></span> 
     </span>
     <span class='ocr_line' id='line_1_13' title="bbox 299 2142 1375 2253; baseline -0.002 -27"><span class='ocrx_word' id='word_1_78' title='bbox 299 2167 358 2228; x_wconf 80' lang='lat' dir='ltr'><strong>tes</strong></span> <span class='ocrx_word' id='word_1_79' title='bbox 372 2145 604 2227; x_wconf 85' lang='lat' dir='ltr'><strong>condonavit</strong></span> <span class='ocrx_word' id='word_1_80' title='bbox 625 2145 861 2234; x_wconf 82' lang='lat' dir='ltr'><strong>Antoninus,</strong></span> <span class='ocrx_word' id='word_1_81' title='bbox 881 2146 973 2223; x_wconf 89' lang='lat' dir='ltr'><strong>dum</strong></span> <span class='ocrx_word' id='word_1_82' title='bbox 995 2142 1069 2223; x_wconf 91' lang='lat' dir='ltr'><strong>sibi</strong></span> <span class='ocrx_word' id='word_1_83' title='bbox 1089 2144 1238 2224; x_wconf 88' lang='lat' dir='ltr'><strong>labores</strong></span> <span class='ocrx_word' id='word_1_84' title='bbox 1255 2172 1298 2223; x_wconf 88' lang='lat' dir='ltr'><strong>ac</strong></span> <span class='ocrx_word' id='word_1_85' title='bbox 1315 2173 1375 2253; x_wconf 91' lang='lat' dir='ltr'><strong>pe-</strong></span> 
     </span>
     <span class='ocr_line' id='line_1_14' title="bbox 300 2276 1375 2370; baseline -0.004 -10"><span class='ocrx_word' id='word_1_86' title='bbox 300 2281 420 2360; x_wconf 87' lang='lat' dir='ltr'><strong>ricula</strong></span> <span class='ocrx_word' id='word_1_87' title='bbox 434 2278 804 2358; x_wconf 87' lang='lat' dir='ltr'><strong>reservabat.Testes</strong></span> <span class='ocrx_word' id='word_1_88' title='bbox 819 2291 857 2354; x_wconf 93' lang='lat' dir='ltr'><strong>et</strong></span> <span class='ocrx_word' id='word_1_89' title='bbox 870 2276 971 2355; x_wconf 84' lang='lat' dir='ltr'><strong>{iiius</strong></span> <span class='ocrx_word' id='word_1_90' title='bbox 984 2276 1232 2370; x_wconf 90' lang='lat' dir='ltr'><strong>Commodus,</strong></span> <span class='ocrx_word' id='word_1_91' title='bbox 1245 2276 1375 2357; x_wconf 84' lang='lat' dir='ltr'><strong>futura</strong></span> 
     </span>
     <span class='ocr_line' id='line_1_15' title="bbox 300 2409 1375 2520; baseline -0.004 -26"><span class='ocrx_word' id='word_1_92' title='bbox 300 2415 421 2494; x_wconf 89' lang='lat' dir='ltr'><strong>Roma</strong></span> <span class='ocrx_word' id='word_1_93' title='bbox 439 2412 571 2520; x_wconf 92' lang='lat' dir='ltr'><strong>pestis,</strong></span> <span class='ocrx_word' id='word_1_94' title='bbox 590 2426 628 2488; x_wconf 89' lang='lat' dir='ltr'><strong>et</strong></span> <span class='ocrx_word' id='word_1_95' title='bbox 642 2409 826 2489; x_wconf 87' lang='lat' dir='ltr'><strong>Faustina</strong></span> <span class='ocrx_word' id='word_1_96' title='bbox 844 2411 1000 2516; x_wconf 83' lang='lat' dir='ltr'><strong>conjux,</strong></span> <span class='ocrx_word' id='word_1_97' title='bbox 1014 2437 1144 2516; x_wconf 88' lang='lat' dir='ltr'><strong>quam,</strong></span> <span class='ocrx_word' id='word_1_98' title='bbox 1163 2412 1212 2488; x_wconf 89' lang='lat' dir='ltr'><strong>ab</strong></span> <span class='ocrx_word' id='word_1_99' title='bbox 1224 2409 1375 2518; x_wconf 85' lang='lat' dir='ltr'><strong>integra</strong></span> 
     </span>
     <span class='ocr_line' id='line_1_16' title="bbox 300 2531 1374 2646; baseline -0.007 -22"><span class='ocrx_word' id='word_1_100' title='bbox 300 2531 563 2624; x_wconf 83' lang='lat' dir='ltr'><strong>matronarum</strong></span> <span class='ocrx_word' id='word_1_101' title='bbox 576 2543 748 2621; x_wconf 85' lang='lat' dir='ltr'><strong>castitate</strong></span> <span class='ocrx_word' id='word_1_102' title='bbox 762 2541 924 2646; x_wconf 85' lang='lat' dir='ltr'><strong>turpiter</strong></span> <span class='ocrx_word' id='word_1_103' title='bbox 937 2539 1136 2646; x_wconf 88' lang='lat' dir='ltr'><strong>dejectam,</strong></span> <span class='ocrx_word' id='word_1_104' title='bbox 1152 2540 1248 2618; x_wconf 88' lang='lat' dir='ltr'><strong>coelo</strong></span> <span class='ocrx_word' id='word_1_105' title='bbox 1263 2540 1374 2619; x_wconf 88' lang='lat' dir='ltr'><strong>deam</strong></span> 
     </span>
     <span class='ocr_line' id='line_1_17' title="bbox 301 2671 1375 2778; baseline -0.002 -24"><span class='ocrx_word' id='word_1_106' title='bbox 301 2676 439 2756; x_wconf 91' lang='lat' dir='ltr'><strong>locavit</strong></span> <span class='ocrx_word' id='word_1_107' title='bbox 464 2676 636 2756; x_wconf 86' lang='lat' dir='ltr'><strong>uxorius.</strong></span> <span class='ocrx_word' id='word_1_108' title='bbox 656 2676 829 2772; x_wconf 83' lang='lat' dir='ltr'><strong>Quorum</strong></span> <span class='ocrx_word' id='word_1_109' title='bbox 852 2673 1077 2778; x_wconf 88' lang='lat' dir='ltr'><strong>cupiditates</strong></span> <span class='ocrx_word' id='word_1_110' title='bbox 1099 2674 1163 2750; x_wconf 88' lang='lat' dir='ltr'><strong>vix</strong></span> <span class='ocrx_word' id='word_1_111' title='bbox 1184 2671 1375 2752; x_wconf 87' lang='lat' dir='ltr'><strong>refrenare</strong></span> 
     </span>
     <span class='ocr_line' id='line_1_18' title="bbox 301 2800 1374 2910; baseline -0.004 -24"><span class='ocrx_word' id='word_1_112' title='bbox 301 2809 474 2899; x_wconf 82' lang='lat' dir='ltr'><strong>tentavit,</strong></span> <span class='ocrx_word' id='word_1_113' title='bbox 497 2810 545 2887; x_wconf 87' lang='lat' dir='ltr'><strong>ad</strong></span> <span class='ocrx_word' id='word_1_114' title='bbox 560 2804 721 2884; x_wconf 89' lang='lat' dir='ltr'><strong>nimiam</strong></span> <span class='ocrx_word' id='word_1_115' title='bbox 734 2802 957 2910; x_wconf 87' lang='lat' dir='ltr'><strong>patientiam</strong></span> <span class='ocrx_word' id='word_1_116' title='bbox 970 2829 1050 2880; x_wconf 92' lang='lat' dir='ltr'><strong>non</strong></span> <span class='ocrx_word' id='word_1_117' title='bbox 1066 2800 1208 2881; x_wconf 90' lang='lat' dir='ltr'><strong>indolis</strong></span> <span class='ocrx_word' id='word_1_118' title='bbox 1223 2817 1374 2882; x_wconf 89' lang='lat' dir='ltr'><strong>tantum</strong></span> 
     </span>
     <span class='ocr_line' id='line_1_19' title="bbox 301 2931 1372 3045; baseline -0.005 -28"><span class='ocrx_word' id='word_1_119' title='bbox 301 2938 470 3032; x_wconf 87' lang='lat' dir='ltr'><strong>lenitate,</strong></span> <span class='ocrx_word' id='word_1_120' title='bbox 489 2939 554 3017; x_wconf 90' lang='lat' dir='ltr'><strong>sed</strong></span> <span class='ocrx_word' id='word_1_121' title='bbox 572 2934 838 3045; x_wconf 84' lang='lat' dir='ltr'><strong>philosophica</strong></span> <span class='ocrx_word' id='word_1_122' title='bbox 855 2931 1097 3012; x_wconf 90' lang='lat' dir='ltr'><strong>institutione</strong></span> <span class='ocrx_word' id='word_1_123' title='bbox 1116 2949 1372 3037; x_wconf 87' lang='lat' dir='ltr'><strong>comparatus.</strong></span> 
     </span>
     <span class='ocr_line' id='line_1_20' title="bbox 303 3065 1375 3177; baseline -0.006 -25"><span class='ocrx_word' id='word_1_124' title='bbox 303 3073 398 3152; x_wconf 87' lang='lat' dir='ltr'><strong>Cum</strong></span> <span class='ocrx_word' id='word_1_125' title='bbox 415 3073 459 3150; x_wconf 86' lang='lat' dir='ltr'><strong>L.</strong></span> <span class='ocrx_word' id='word_1_126' title='bbox 475 3071 563 3151; x_wconf 87' lang='lat' dir='ltr'><strong>Veri</strong></span> <span class='ocrx_word' id='word_1_127' title='bbox 585 3066 745 3177; x_wconf 90' lang='lat' dir='ltr'><strong>epistola</strong></span> <span class='ocrx_word' id='word_1_128' title='bbox 770 3065 895 3145; x_wconf 79' lang='lat' dir='ltr'><strong>Avidii</strong></span> <span class='ocrx_word' id='word_1_129' title='bbox 916 3065 1037 3146; x_wconf 86' lang='lat' dir='ltr'><strong>Cassii</strong></span> <span class='ocrx_word' id='word_1_130' title='bbox 1061 3065 1310 3144; x_wconf 87' lang='lat' dir='ltr'><strong>ambitionem</strong></span> <span class='ocrx_word' id='word_1_131' title='bbox 1336 3085 1375 3146; x_wconf 93' lang='lat' dir='ltr'><strong>et</strong></span> 
     </span>
     <span class='ocr_line' id='line_1_21' title="bbox 303 3198 1378 3307; baseline -0.004 -25"><span class='ocrx_word' id='word_1_132' title='bbox 303 3205 464 3285; x_wconf 89' lang='lat' dir='ltr'><strong>insidias</strong></span> <span class='ocrx_word' id='word_1_133' title='bbox 484 3201 804 3292; x_wconf 84' lang='lat' dir='ltr'><strong>denuntiavisset,</strong></span> <span class='ocrx_word' id='word_1_134' title='bbox 828 3198 1062 3288; x_wconf 81' lang='lat' dir='ltr'><strong>Antoninus,</strong></span> <span class='ocrx_word' id='word_1_135' title='bbox 1089 3199 1298 3307; x_wconf 88' lang='lat' dir='ltr'><strong>quidquam</strong></span> <span class='ocrx_word' id='word_1_136' title='bbox 1319 3227 1378 3278; x_wconf 91' lang='lat' dir='ltr'><strong>ca·</strong></span> 
     </span>
     <span class='ocr_line' id='line_1_22' title="bbox 304 3331 1376 3443; baseline -0.001 -28"><span class='ocrx_word' id='word_1_137' title='bbox 304 3364 392 3417; x_wconf 89' lang='lat' dir='ltr'><strong>vere</strong></span> <span class='ocrx_word' id='word_1_138' title='bbox 418 3335 662 3443; x_wconf 82' lang='lat' dir='ltr'><strong>dedignatus,</strong></span> <span class='ocrx_word' id='word_1_139' title='bbox 684 3333 880 3434; x_wconf 83' lang='lat' dir='ltr'><strong>rescripsit</strong></span> <span class='ocrx_word' id='word_1_140' title='bbox 904 3362 914 3408; x_wconf 77' lang='lat' dir='ltr'><strong>r</strong></span> <span class='ocrx_word' id='word_1_141' title='bbox 940 3365 958 3405; x_wconf 70' lang='grc' dir='ltr'><strong><em>ι</em></strong></span> <span class='ocrx_word' id='word_1_142' title='bbox 980 3331 1019 3412; x_wconf 87' lang='lat' dir='ltr'><strong>Si</strong></span> <span class='ocrx_word' id='word_1_143' title='bbox 1040 3332 1171 3411; x_wconf 88' lang='lat' dir='ltr'><strong>Cassio</strong></span> <span class='ocrx_word' id='word_1_144' title='bbox 1191 3333 1376 3414; x_wconf 89' lang='lat' dir='ltr'><strong>divinitus</strong></span> 
     </span>
     <span class='ocr_line' id='line_1_23' title="bbox 303 3466 1376 3577; baseline -0.004 -27"><span class='ocrx_word' id='word_1_145' title='bbox 303 3467 690 3577; x_wconf 86' lang='lat' dir='ltr'><strong>debeturimperium,</strong></span> <span class='ocrx_word' id='word_1_146' title='bbox 703 3492 782 3544; x_wconf 91' lang='lat' dir='ltr'><strong>non</strong></span> <span class='ocrx_word' id='word_1_147' title='bbox 795 3466 1005 3572; x_wconf 86' lang='lat' dir='ltr'><strong>poterimus</strong></span> <span class='ocrx_word' id='word_1_148' title='bbox 1017 3466 1242 3559; x_wconf 89' lang='lat' dir='ltr'><strong>interficere,</strong></span> <span class='ocrx_word' id='word_1_149' title='bbox 1260 3467 1376 3546; x_wconf 86' lang='lat' dir='ltr'><strong>etiam</strong></span> 
     </span>
     <span class='ocr_line' id='line_1_24' title="bbox 306 3604 552 3683; baseline -0.008 0"><span class='ocrx_word' id='word_1_150' title='bbox 306 3605 338 3683; x_wconf 87' lang='lat' dir='ltr'><strong>si</strong></span> <span class='ocrx_word' id='word_1_151' title='bbox 352 3604 515 3683; x_wconf 86' lang='lat' dir='ltr'><strong>velimus</strong></span> <span class='ocrx_word' id='word_1_152' title='bbox 524 3608 552 3680; x_wconf 88' lang='lat'><strong>².</strong></span> 
     </span>
    </p>

    <p class='ocr_par' dir='ltr' id='par_1_4' title="bbox 306 3729 1378 4106">
     <span class='ocr_line' id='line_1_25' title="bbox 358 3729 1377 3828; baseline -0.006 -12"><span class='ocrx_word' id='word_1_153' title='bbox 358 3737 412 3816; x_wconf 90' lang='lat' dir='ltr'><strong>Ut</strong></span> <span class='ocrx_word' id='word_1_154' title='bbox 427 3736 474 3814; x_wconf 91' lang='lat' dir='ltr'><strong>de</strong></span> <span class='ocrx_word' id='word_1_155' title='bbox 488 3735 582 3828; x_wconf 90' lang='lat' dir='ltr'><strong>vita,</strong></span> <span class='ocrx_word' id='word_1_156' title='bbox 602 3733 657 3813; x_wconf 92' lang='lat' dir='ltr'><strong>sic</strong></span> <span class='ocrx_word' id='word_1_157' title='bbox 673 3732 720 3813; x_wconf 92' lang='lat' dir='ltr'><strong>de</strong></span> <span class='ocrx_word' id='word_1_158' title='bbox 740 3747 861 3811; x_wconf 89' lang='lat' dir='ltr'><strong>morte</strong></span> <span class='ocrx_word' id='word_1_159' title='bbox 876 3730 1005 3811; x_wconf 85' lang='lat' dir='ltr'><strong>stoicis</strong></span> <span class='ocrx_word' id='word_1_160' title='bbox 1022 3732 1216 3810; x_wconf 89' lang='lat' dir='ltr'><strong>consensit</strong></span> <span class='ocrx_word' id='word_1_161' title='bbox 1230 3731 1281 3810; x_wconf 89' lang='lat' dir='ltr'><strong>M.</strong></span> <span class='ocrx_word' id='word_1_162' title='bbox 1302 3729 1377 3810; x_wconf 79' lang='lat' dir='ltr'><strong>Au·</strong></span> 
     </span>
     <span class='ocr_line' id='line_1_26' title="bbox 306 3863 1377 3972; baseline -0.004 -25"><span class='ocrx_word' id='word_1_163' title='bbox 306 3868 435 3948; x_wconf 79' lang='lat' dir='ltr'><strong>relius</strong></span> <span class='ocrx_word' id='word_1_164' title='bbox 460 3867 572 3946; x_wconf 90' lang='lat' dir='ltr'><strong>Morti</strong></span> <span class='ocrx_word' id='word_1_165' title='bbox 597 3883 752 3972; x_wconf 86' lang='lat' dir='ltr'><strong>paratus</strong></span> <span class='ocrx_word' id='word_1_166' title='bbox 773 3865 869 3970; x_wconf 91' lang='lat' dir='ltr'><strong>ipse,</strong></span> <span class='ocrx_word' id='word_1_167' title='bbox 895 3880 937 3943; x_wconf 93' lang='lat' dir='ltr'><strong>ut</strong></span> <span class='ocrx_word' id='word_1_168' title='bbox 957 3865 989 3942; x_wconf 93' lang='lat' dir='ltr'><strong>si</strong></span> <span class='ocrx_word' id='word_1_169' title='bbox 1011 3863 1097 3971; x_wconf 90' lang='lat' dir='ltr'><strong>quis</strong></span> <span class='ocrx_word' id='word_1_170' title='bbox 1114 3891 1299 3971; x_wconf 86' lang='lat' dir='ltr'><strong>unquam,</strong></span> <span class='ocrx_word' id='word_1_171' title='bbox 1320 3892 1377 3943; x_wconf 90' lang='lat' dir='ltr'><strong>sa·</strong></span> 
     </span>
     <span class='ocr_line' id='line_1_27' title="bbox 306 3995 1378 4106; baseline -0.005 -28"><span class='ocrx_word' id='word_1_172' title='bbox 306 3999 473 4106; x_wconf 90' lang='lat' dir='ltr'><strong>pientem</strong></span> <span class='ocrx_word' id='word_1_173' title='bbox 485 3999 561 4078; x_wconf 89' lang='lat' dir='ltr'><strong>vita</strong></span> <span class='ocrx_word' id='word_1_174' title='bbox 573 3997 830 4078; x_wconf 90' lang='lat' dir='ltr'><strong>discedentem</strong></span> <span class='ocrx_word' id='word_1_175' title='bbox 842 3995 952 4076; x_wconf 90' lang='lat' dir='ltr'><strong>olivae</strong></span> <span class='ocrx_word' id='word_1_176' title='bbox 962 4011 1170 4104; x_wconf 89' lang='lat' dir='ltr'><strong>comparat,</strong></span> <span class='ocrx_word' id='word_1_177' title='bbox 1185 4023 1270 4104; x_wconf 86' lang='lat' dir='ltr'><strong>quae</strong></span> <span class='ocrx_word' id='word_1_178' title='bbox 1279 4012 1378 4102; x_wconf 91' lang='lat' dir='ltr'><strong>post·</strong></span> 
     </span>
    </p>
   </div>
   <div class='ocr_carea' id='block_1_2' title="bbox 348 4315 966 4504">
    <p class='ocr_par' dir='ltr' id='par_1_5' title="bbox 348 4315 966 4504">
     <span class='ocr_line' id='line_1_28' title="bbox 349 4315 966 4398; baseline -0.005 -20"><span class='ocrx_word' id='word_1_179' title='bbox 349 4316 359 4359; x_wconf 93' lang='lat'>¹</span> <span class='ocrx_word' id='word_1_180' title='bbox 373 4315 535 4398; x_wconf 69' lang='lat' dir='ltr'><strong>augustin.</strong></span> <span class='ocrx_word' id='word_1_181' title='bbox 553 4323 597 4379; x_wconf 83' lang='lat' dir='ltr'><strong>De</strong></span> <span class='ocrx_word' id='word_1_182' title='bbox 612 4323 729 4396; x_wconf 67' lang='lat' dir='ltr'><strong>Canop.</strong></span> <span class='ocrx_word' id='word_1_183' title='bbox 742 4323 769 4377; x_wconf 83' lang='lat' dir='ltr'><strong>et</strong></span> <span class='ocrx_word' id='word_1_184' title='bbox 780 4322 858 4396; x_wconf 70' lang='lat' dir='ltr'><strong>prot.</strong></span> <span class='ocrx_word' id='word_1_185' title='bbox 873 4332 901 4377; x_wconf 92' lang='lat' dir='ltr'><strong>c.</strong></span> <span class='ocrx_word' id='word_1_186' title='bbox 917 4315 966 4376; x_wconf 83' lang='lat'><strong>14.</strong></span> 
     </span>
     <span class='ocr_line' id='line_1_29' title="bbox 348 4421 926 4504; baseline -0.01 -16"><span class='ocrx_word' id='word_1_187' title='bbox 348 4428 361 4460; x_wconf 89' lang='lat'><strong>¹</strong></span> <span class='ocrx_word' id='word_1_188' title='bbox 374 4421 462 4488; x_wconf 88' lang='lat' dir='ltr'><strong>Vulc.</strong></span> <span class='ocrx_word' id='word_1_189' title='bbox 477 4421 648 4489; x_wconf 82' lang='lat' dir='ltr'><strong>Gallicanus</strong></span> <span class='ocrx_word' id='word_1_190' title='bbox 663 4469 672 4504; x_wconf 91' lang='lat'>‚</span> <span class='ocrx_word' id='word_1_191' title='bbox 687 4422 778 4487; x_wconf 80' lang='lat' dir='ltr'><strong>Avid.</strong></span> <span class='ocrx_word' id='word_1_192' title='bbox 795 4421 926 4485; x_wconf 62' lang='lat' dir='ltr'><strong>misius.</strong></span> 
     </span>
    </p>
   </div>
   <div class='ocr_carea' id='block_1_3' title="bbox 0 0 1829 5480">
    <p class='ocr_par' dir='ltr' id='par_1_6' title="bbox 0 0 1829 5480">
     <span class='ocr_line' id='line_1_30' title="bbox 0 0 1829 5480; baseline 0 0"><span class='ocrx_word' id='word_1_193' title='bbox 0 0 1829 5480; x_wconf 95' lang='lat' dir='ltr'><strong> </strong></span> 
     </span>
    </p>
   </div>
  </div>
 </body>
</html>
