3614 5480
872 684 905 694 -
927 649 946 712 6
967 681 1007 696 .-

401 777 539 858 linteos
564 795 601 858 et
617 781 803 890 quidquid
828 782 869 860 in
901 785 996 862 urhe
1022 809 1128 862 sacra
1147 784 1375 890 inscriptum
1393 811 1480 891 per-

401 931 610 1007 manserat,
629 915 777 994 curiose
797 915 1114 1022 interpretatns¹;
1141 917 1242 997 idem
1258 917 1334 1008 ille,
1352 917 1473 1024 impe-

402 1042 503 1122 rium
537 1045 711 1152 adeptus,
738 1047 825 1154 plus
856 1077 972 1155 quam
1004 1049 1177 1157 Augusto
1213 1077 1368 1129 necesse
1395 1066 1477 1130 erat

401 1175 622 1281 pontificem
651 1180 742 1286 egit.
771 1179 856 1261 Jam
873 1182 1099 1260 imminente
1114 1181 1475 1262 Marcomannorum

402 1309 518 1403 bello,
538 1338 617 1390 non
644 1313 750 1418 prius
771 1317 892 1394 Roma
910 1315 1100 1422 proficisci
1114 1315 1249 1407 voluit,
1276 1343 1393 1422 quam
1415 1342 1478 1392 ur·

402 1442 490 1521 hem
501 1445 607 1522 omni
622 1472 759 1550 genere
775 1447 1025 1541 lustravisset,
1044 1466 1095 1544 et,
1111 1451 1286 1528 Romano
1301 1447 1391 1539 ritu,
1409 1475 1478 1554 per

404 1591 547 1682 septem
572 1579 668 1674 dies,
693 1579 923 1661 lectisternia
946 1581 1234 1672 celebravisset;
1263 1580 1341 1658 imo
1355 1607 1478 1658 sacer·

403 1708 511 1790 dotes
537 1712 708 1818 undique
727 1714 875 1809 accivit,
905 1731 942 1794 et
960 1714 1077 1794 sacris
1101 1713 1235 1820 patriis
1257 1711 1479 1820 peregrinos

403 1843 500 1922 ritus
526 1846 714 1940 miscuit²,
741 1849 834 1927 adeo
851 1865 894 1926 ut
919 1848 1080 1926 nimiam
1106 1847 1345 1954 imperatoris
1362 1845 1480 1952 pieta·
1558 1905 1563 1914 .

404 1992 480 2056 tern
496 1977 570 2082 ipsi
588 1979 777 2058 irriserint
791 1981 970 2088 paganii.

457 2109 498 2189 Si
520 2112 673 2217 quadie
693 2139 800 2191 sacra
815 2113 969 2218 publica
987 2128 1181 2208 vacarent,
1206 2112 1358 2218 privata
1373 2110 1481 2190 domi

404 2240 652 2335 celebrabat⁴;
671 2272 739 2322 nec
750 2244 945 2324 communi
956 2245 1139 2352 religione
1150 2260 1367 2335 contentus,
1382 2242 1481 2321 nihil

405 2375 601 2484 antiquius
614 2377 878 2484 habuitquam
889 2394 932 2456 ut
946 2378 1272 2456 arcanisDeorum
1286 2375 1482 2484 mysteriis

404 2505 637 2588 initiaretur.
654 2510 767 2607 Quod
783 2512 875 2590 satis
893 2527 1052 2590 testatur
1068 2509 1133 2587 illa
1151 2510 1200 2588 ad
1215 2509 1405 2590 Herodem
1417 2507 1484 2586 Aa·

404 2640 523 2720 ticum
543 2642 729 2748 Epistola,
748 2643 915 2751 principi
935 2643 1026 2722 olim
1041 2643 1332 2734 amicissimum,
1351 2657 1483 2748 postea

403 2800 494 2851 vero
508 2773 727 2856 infensum:
748 2775 814 2857 «Si
828 2804 905 2884 quo
922 2793 957 2855 te
971 2777 1100 2855 dolore
1116 2773 1324 2867 effecerim,
1346 2801 1487 2880 poenas·

403 2933 426 2982 a
442 2935 502 2986 me
519 2936 700 3015 exposcas
716 2910 831 2990 velim
846 2910 888 2987 in
908 2909 1050 3016 templo
1066 2909 1249 2988 Minervae
1274 2907 1483 2986 Athenien·

404 3038 470 3132 sis,
486 3041 587 3119 inter
600 3042 683 3148 ipsa
693 3042 890 3120 initiorum
902 3043 1097 3150 mysteria.
1108 3043 1188 3119 Hoc
1202 3042 1308 3120 enim
1325 3041 1364 3118 in
1383 3041 1488 3119 votis>

403 3188 498 3266 erat,
528 3175 643 3252 etiarn
668 3201 756 3254 cum
778 3175 921 3254 bellum
939 3176 1104 3254 maxime
1121 3174 1417 3281 ingravesceret,
1440 3190 1485 3252 ut

443 3545 455 3588 ¹
471 3543 590 3609 Deinde
602 3546 633 3608 in
644 3547 744 3628 porta,
757 3561 827 3608 cum
839 3545 963 3626 eximus,
978 3543 1018 3608 ibi
1031 3545 1178 3626 scriptum
1192 3547 1257 3609 crat
1270 3541 1405 3608 hilariam
1417 3545 1460 3608 sic
1474 3569 1486 3608 :z

399 3653 524 3734 ttamen,
540 3671 626 3716 sume
651 3659 830 3716 sementum.
850 3651 971 3734 Rogavi
988 3650 1117 3733 aliquem
1141 3667 1178 3716 ex
1198 3650 1391 3732 popularibus
1409 3650 1486 3733 quio

401 3756 473 3822 illud
486 3756 613 3822 verbum
624 3762 712 3822 esset.
733 3758 788 3823 Ait
798 3757 899 3841 lingna
915 3757 1049 3822 Hernica
1058 3756 1224 3839 pelliculam
1234 3756 1272 3822 dc
1283 3755 1381 3821 hostia
1396 3773 1490 3839 marn

398 3865 431 3929 in
447 3865 566 3946 apicem
586 3882 674 3930 snum
689 3868 810 3946 ttamen,
820 3883 891 3929 curn
901 3864 1046 3929 inurbem
1058 3865 1201 3945 introeat,
1212 3861 1482 3945 imponit.(Front.

401 3973 433 4036 et
449 3969 498 4034 M.
509 3971 657 4036 Antonin.
674 3973 852 4054 Epist.,1v,
868 3971 921 4051 4.)
1123 4041 1126 4051 ,

442 4087 455 4119 ⁹
466 4077 494 4142 J.
505 4077 707 4159 Capitolinus,
720 4079 894 4142 Antoninus
905 4077 1111 4158 philosophus.

445 4183 603 4250 ⁵Julianns
616 4184 716 4249 Marci
735 4185 810 4247 illius
827 4185 928 4248 similis
942 4185 1081 4262 Caesaris,
1099 4183 1131 4245 in
1150 4199 1241 4264 quem
1262 4180 1293 4245 id
1309 4181 1486 4262 accepimus

409 4293 545 4356 dicium:
562 4300 586 4352 oi
598 4297 685 4352 λευκοὶ
698 4297 756 4372 βόες
770 4299 868 4372 Μάρκῳ
882 4304 917 4370 τῷ
935 4301 1060 4372 Καίσαρι·
1081 4294 1113 4352 ἂν
1129 4299 1164 4351 σὺ
1183 4301 1303 4372 νικήσῃς,
1325 4297 1398 4370 ἡμεῖς
1416 4291 1490 4349 ἄπω-

404 4396 510 4474 ttpseo.
527 4391 696 4472 (Ammian.
709 4390 876 4454 Marcellin.
893 4405 980 4464 xxm
994 4391 1035 4469 t.)

446 4506 457 4538 ⁴
477 4496 514 4561 D.
531 4495 661 4580 Cassius,
676 4513 779 4578 nxxr,
795 4497 845 4562 34.
