3614 5480
794 578 831 590 -
853 545 873 608 ³
893 577 932 596 ..

313 676 474 786 Epicteti
492 674 785 755 Christianismo
812 675 1033 781 opinionem
1046 677 1202 786 plurimi
1215 681 1389 766 confuta·

316 823 480 889 verunt:
505 809 606 888 inter
620 834 716 914 quos
734 806 931 886 Alhertum
951 809 1168 890 Fabricium
1181 819 1207 905 ¹,
1230 815 1391 896 Michae-

317 944 392 1022 lem
424 942 561 1021 Rossal
574 945 601 1035 ²,
633 967 805 1019 necnon
831 967 997 1019 unume
1025 945 1165 1025 nostris
1196 946 1392 1029 hodiernis

319 1075 610 1182 scriptoribus³‚
635 1089 713 1151 tam
730 1073 923 1178 exquisita
958 1073 1136 1156 doctrina
1166 1107 1283 1186 quarn
1315 1084 1393 1160 acri

312 1207 457 1316 judicio
485 1222 522 1286 et
542 1206 671 1286 vivida
692 1207 908 1314 eloquentia
928 1209 1211 1314 praecellentem
1231 1271 1242 1308 ,
1262 1241 1396 1293 nume·

319 1327 499 1420 raverim.

372 1474 457 1553 Non
468 1473 589 1580 magis
603 1471 779 1579 equidem
789 1470 829 1551 in
838 1472 1067 1578 imperatore
1076 1473 1272 1556 Antonino
1281 1507 1397 1585 quam

320 1607 362 1686 in
382 1605 634 1712 Epaphroditi
656 1631 766 1684 servo
787 1603 1018 1685 Christianae
1035 1605 1221 1689 doctrinae
1236 1614 1398 1720 vestigia

320 1737 592 1847 deprehendo;
622 1764 692 1816 nec
718 1736 926 1844 Hospitalis
960 1740 1083 1817 nostri
1114 1743 1314 1824 sententiaa
1339 1773 1398 1826 as·

322 1871 456 1952 sentiri
476 1897 647 1978 possum,
665 1871 745 1975 qui,
763 1868 804 1947 in
821 1869 1067 1948 celeberrimo
1083 1873 1249 1978 quodam
1266 1902 1395 1983 opere,

321 2004 396 2082 hoc
412 2006 461 2084 de
474 2005 600 2084 Marco
610 2002 798 2109 judicium
815 2001 924 2080 tulit:
940 2004 1126 2111 quidquid
1141 2003 1182 2084 in
1200 2005 1281 2102 illo,
1311 2008 1400 2089 licet

317 2136 481 2230 Gentili,
498 2135 733 2242 religiosum,
752 2135 940 2242 quidquid
959 2138 1122 2241 probum
1143 2140 1342 2234 exstiterit,
1360 2144 1401 2222 id

320 2271 370 2350 ad
402 2269 662 2352 Christianam
689 2267 934 2374 disciplinam
963 2269 1206 2351 referendum
1241 2273 1399 2356 videri⁴.

321 2406 508 2484 Praeterea
518 2401 788 2482 celeberrimus
797 2403 902 2507 apud
918 2403 1131 2484 Germanos
1145 2405 1401 2516 philosophiae

321 2533 527 2612 historicus
552 2530 785 2612 existimarit
812 2531 998 2638 plurimos
1023 2533 1332 2617 Christianorum
1355 2539 1401 2617 li-

321 2667 412 2746 hros
433 2667 475 2746 in
495 2664 612 2748 lllarci
639 2691 777 2742 manus
793 2664 1025 2770 pervenisse,
1058 2682 1096 2743 et
1121 2669 1328 2750 nonnullos
1361 2672 1402 2750 in

323 2799 405 2907 ejus
419 2825 535 2906 opera
552 2797 694 2904 partim
707 2795 824 2876 luisse
841 2796 1081 2876 translatos⁵.
1100 2799 1175 2879 Nec
1200 2801 1404 2882 defuerunt

365 3215 374 3244 ¹
390 3203 461 3268 Alb.
476 3201 646 3279 Fabricius⁷
661 3198 843 3262 Bibliotheca
861 3206 978 3276 Graec,
992 3216 1041 3279 iv,
1057 3207 1086 3263 7.

363 3309 484 3375 ¹Mieu.
498 3307 619 3388 Bassai,
643 3307 821 3388 hirquisih'o
842 3306 877 3368 dc
897 3307 1030 3386 Epicteto
1040 3307 1217 3390 philosopho
1230 3312 1331 3388 stoico,
1345 3332 1406 3394 quc

319 3420 469 3500 probatur
481 3435 549 3479 eum
560 3433 624 3476 uon
640 3415 735 3496 fuisse
752 3413 968 3475 christianum.

367 3524 438 3587 3Μ.
459 3513 635 3599 Villemain,
658 3521 705 3582 De
728 3521 760 3581 ic
780 3520 968 3600 philosophie
993 3527 1107 3600 emique
1132 3527 1160 3582 et
1181 3521 1224 3586 dc
1252 3522 1401 3589 Christia-

325 3634 432 3708 nisme‚
448 3637 623 3694 Nouercae
636 3629 786 3707 milouqes
797 3628 966 3702 iitte’ruires,
979 3642 1009 3706 p.
1021 3630 1092 3690 278.

366 3747 378 3778 ⁴
393 3737 439 3800 Le
452 3735 512 3798 bon
525 3750 683 3815 empcrcur
698 3733 835 3795 Antonin
855 3733 992 3812 prolique
1005 3735 1070 3795 tout
1093 3731 1121 3795 le
1137 3733 1209 3814 long
1230 3733 1269 3798 de
1291 3753 1322 3799 sa
1342 3741 1400 3819 vic,

326 3843 395 3906 bien
413 3842 483 3924 qu'ii
507 3838 553 3902 irtt
575 3846 673 3921 palen,
698 3837 740 3900 les
763 3837 841 3902 deux
863 3835 1020 3918 prereptos
1043 3837 1081 3901 dc
1104 3842 1193 3902 notre
1212 3839 1400 3926 Dicalogue,

328 3951 379 4031 qui
392 3952 461 4012 sont
472 3946 595 4011 d'aimer
608 3944 688 4008 Dieu
701 3943 739 4008 de
750 3948 818 4008 tout
829 3960 884 4006 son
899 3960 994 4023 coeur,
1008 3946 1040 4006 et
1057 3959 1113 4006 son
1127 3944 1270 4025 prochain
1283 3966 1403 4015 comme
1516 4025 1519 4034 ⁶

328 4057 510 4136 soi-meme3
525 4058 556 4116 et
567 4053 586 4115 ii
599 4069 618 4132 y
632 4068 649 4113 a
663 4049 777 4132 grande
795 4065 962 4130 appareuec
973 4047 1044 4130 qu’il
1058 4049 1151 4113 tenuit
1172 4055 1253 4116 cette
1271 4054 1402 4117 instruc-

328 4165 393 4227 tion
411 4161 463 4225 des
478 4159 647 4225 Chritieus.
662 4155 870 4238 (L'Hosptut
894 4156 994 4218 Troice
1007 4157 1043 4218 de
1061 4156 1093 4218 hr
1105 4160 1301 4240 reformatae
1317 4161 1353 4223 de
1369 4161 1402 4223 iu

322 4266 504 4352 justicaliv.
521 4265 581 4346 11.)

370 4385 382 4416 ⁸
397 4375 546 4454 Brutia,
558 4373 635 4436 utet.
649 4369 712 4436 erit.
725 4367 934 4450 philosophie,
949 4367 990 4431 T.
1005 4383 1044 4448 11,
1060 4383 1081 4450 p
1105 4370 1172 4433 588.
