3614 5480
877 599 915 613 -
937 565 976 628 ³8
997 599 1035 611 -

415 694 567 776 ethnica
592 694 666 774 sibi
699 692 862 775 finxerat
887 694 1110 802 antiquitas,
1144 720 1260 774 senex
1286 693 1493 775 nimbosus

414 843 587 934 apparet,
619 827 739 906 barba
755 845 793 907 et
809 829 958 937 capillis
975 828 1017 906 in
1032 826 1195 907 imbrem
1213 827 1484 920 delluentibus;

414 958 496 1065 qui,
515 957 609 1036 dum
636 958 791 1037 dextera
814 960 1008 1039 Romanos
1026 958 1212 1050 sublevat,
1231 957 1386 1036 sinistra
1407 942 1507 1036 bar·⁴

413 1090 527 1168 baros
545 1089 696 1195 premit,
717 1089 809 1168 hinc
825 1091 971 1171 cladem
995 1107 1033 1170 et
1048 1089 1197 1182 lunera,
1218 1089 1308 1168 inde
1329 1088 1491 1169 salutem

414 1218 691 1328 victoriamque
709 1222 946 1330 impertiens.

466 1351 551 1432 Non
575 1369 703 1430 tamen
728 1352 887 1446 infitior,
905 1353 982 1434 illis
994 1351 1152 1434 fortasse
1166 1353 1403 1460 temporibus
1419 1352 1491 1432 las-

415 1501 539 1564 satam
554 1485 712 1564 cessisse
736 1501 921 1566 tortorum
939 1486 1170 1580 barbariem,
1192 1504 1230 1565 et
1251 1486 1491 1567 Christianos

415 1633 638 1724 aperpetuo
665 1619 941 1727 suppliciorum
968 1638 1071 1700 metu
1090 1618 1351 1726 respiravissc.
1375 1619 1492 1698 Aure-

415 1746 490 1826 lius
506 1748 670 1828 vetuisse
697 1747 817 1828 fertur
844 1777 893 1829 ne
918 1750 1084 1858 amplius
1106 1749 1316 1828 Christiani
1332 1774 1499 1835 accusa,

415 1894 565 1970 rentur,
585 1895 698 1987 atque
718 1882 834 1960 etiarn
850 1881 1010 1989 jussisse
1031 1898 1073 1960 ut
1096 1897 1331 1961 accusatores
1353 1879 1495 1959 ultimo

416 2009 671 2118 plecterentur
687 2014 912 2121 suppliciof.
937 2015 1033 2114 Quae
1061 2014 1093 2094 si
1112 2042 1201 2093 vera
1226 2013 1354 2095 serunt
1376 2013 1493 2092 eccle·

418 2142 559 2222 siastici
598 2146 815 2252 scriptores
858 2175 936 2225 non
979 2148 1033 2226 sic
1071 2147 1220 2226 Marcus
1249 2146 1372 2253 egisse
1396 2144 1497 2222 mihi

417 2274 581 2367 videtur,
595 2280 697 2383 quod
710 2277 909 2357 victoriam
928 2277 1080 2358 Christo
1090 2279 1259 2357 debitam
1275 2276 1491 2364 crediderit;

417 2422 472 2500 at,
486 2435 573 2486 cum
589 2426 683 2487 aetas
696 2409 989 2515 ingravesceret,
999 2429 1036 2491 ct
1048 2411 1310 2491 recentissima
1324 2408 1414 2488 belli
1429 2436 1494 2516 pe·

416 2538 538 2619 ricula
552 2542 673 2620 menti
691 2543 1000 2638 obversarentur,
1020 2559 1193 2651 permoto
1213 2544 1262 2622 ad
1282 2543 1494 2621 miseratio·

417 2701 508 2753 nem
533 2674 677 2766 auimo,
697 2674 950 2769 Christianos
980 2704 1075 2784 quos
1100 2675 1307 2756 fortissime
1323 2702 1394 2782 pro
1420 2674 1494 2752 im·

417 2805 523 2912 perio
551 2807 779 2888 dimicantes
804 2811 963 2902 viderat,
997 2829 1042 2888 ut
1077 2826 1260 2915 cognatos
1286 2835 1330 2886 ac
1355 2806 1492 2886 fratres

418 2936 560 3018 habere
591 2943 748 3021 tandem
792 2941 998 3048 aliquando
1042 2941 1210 3022 decrerit
1255 2939 1489 3032 Antoninus

418 3084 532 3176 atque
543 3069 626 3150 haec
651 3100 724 3150 vox
739 3071 796 3150 illi
820 3101 899 3151 non
915 3072 1134 3152 Christiana
1151 3071 1320 3178 quidem,
1341 3073 1407 3152 sed
1423 3071 1494 3151 hu·

418 3227 534 3280 mana
552 3202 691 3282 excidit
712 3234 721 3280 :
745 3204 906 3284 Parcite.
923 3207 1008 3286 Non
1040 3232 1126 3284 vero
1152 3206 1199 3284 ad
1220 3204 1380 3309 longum
1404 3221 1495 3282 tem-

418 3361 491 3440 pus
515 3334 665 3442 plebem
696 3337 904 3417 Christiani
932 3335 1134 3443 sauguinis
1167 3338 1229 3416 siti
1255 3337 1497 3416 laborantem

417 3465 567 3546 Marcus
592 3468 796 3548 continuit.
823 3470 928 3550 Nihil
957 3469 1184 3576 profuerunt
1213 3469 1495 3576 Athenagorae²

422 3614 460 3676 et
490 3598 673 3680 Miltiadis
697 3607 710 3647 ³
742 3602 940 3710 apologiae,
968 3618 1006 3681 et
1027 3629 1072 3682 eo
1100 3603 1264 3683 atrocius
1298 3603 1496 3695 saevitum„

464 4043 474 4084 ¹
491 4033 667 4100 Tertullian.
681 4039 807 4120 Apoloq.
822 4039 851 4101 5.
865 4073 904 4085 -
918 4035 1031 4104 Euscb.
1046 4038 1127 4102 llice.
1142 4037 1242 4100 eccles.
1257 4053 1293 4118 v,
1309 4039 1340 4103 5.

456 4141 631 4225 'Athenae
653 4145 775 4224 Lapatia
789 4162 848 4224 pro
876 4143 1079 4224 Christianis,
1102 4143 1331 4224 imperatoribus
1355 4149 1401 4206 M.
1425 4149 1495 4206 Au-

416 4249 491 4311 relio
510 4247 676 4322 Antonino,
697 4252 724 4309 et
741 4255 775 4312 L.
798 4248 925 4310 Aurelio
946 4247 1115 4322 commodo,
1136 4247 1338 4324 Armeniacis,
1365 4253 1500 4309 Sarma·

418 4347 495 4421 titis,
516 4353 552 4421 et,
565 4346 644 4426 qnod
656 4348 828 4408 monimum
843 4354 894 4424 est,
909 4345 1106 4428 pbilosophis.

459 4448 592 4513 ‘Euseb
611 4451 686 4513 Hist.
707 4452 805 4513 eccles.
822 4467 857 4529 v,
872 4455 920 4512 17.
