3614 5480
865 661 902 676 ..
925 628 963 692 ³6
986 660 1022 674 ..

408 775 490 840 tum
508 775 589 838 erat
608 756 780 863 legendis
802 757 1076 864 prophetarum
1093 755 1289 863 operibus,
1309 758 1491 864 paganis·

408 889 932 1000 quaetiamlibris,erquibus
943 889 1071 997 aliqua
1082 887 1326 995 ipsisutilitas
1337 891 1483 997 percipi

408 1025 536 1130 pos'set
548 1029 574 1102 ¹.
595 1023 781 1104 Nonnihil
797 1024 1018 1104 Antoninus
1037 1023 1129 1103 Pius
1141 1021 1188 1101 de
1201 1021 1365 1129 pristina
1380 1050 1485 1102 sere·

408 1157 519 1236 ritate
533 1156 693 1248 remisit;
709 1157 776 1264 qui
790 1185 868 1236 non
878 1157 980 1264 leges
992 1155 1253 1262 iniquissimas
1268 1154 1480 1262 abrogavit,

409 1291 475 1368 sed
487 1285 762 1394 molliusatque
773 1286 1036 1394 indulgentius
1047 1287 1309 1394 exsequendas
1319 1287 1481 1366 curavit.

408 1419 532 1520 Quem
558 1420 801 1527 prohibuisse
827 1420 918 1500 satis
941 1434 1105 1514 constat,
1132 1447 1181 1497 ne
1204 1417 1412 1497 Christiani
1435 1417 1485 1496 ob

409 1552 530 1632 solam
545 1553 770 1660 religionem
784 1570 1054 1634 accusarentur
1067 1557 1091 1628 ².
1115 1549 1178 1642 ht,
1197 1549 1355 1630 incunte
1367 1550 1483 1630 Marci

408 1682 642 1790 principatu,
659 1701 850 1792 quantum
874 1683 999 1790 prisca
1017 1682 1082 1761 illa
1107 1680 1346 1761 Christianos
1361 1708 1487 1787 perse·

409 1815 553 1920 quendi
569 1813 723 1894 licentia
750 1814 1000 1906 recruduerit,
1022 1828 1208 1893 testantur
1233 1827 1316 1890 acta
1342 1811 1483 1920 Marty-

409 1973 497 2024 rum
510 1949 537 2038 ³,
569 1973 720 2026 necnon
735 1946 891 2053 plurimi
908 1945 1130 2054 apologetici
1147 1941 1236 2022 libri
1252 1937 1301 2023 ad
1324 1942 1486 2050 impera-

412 2095 533 2157 torem
562 2079 669 2158 missi
692 2083 722 2158 ⁴.
751 2079 903 2177 Quibus
931 2107 1010 2158 non
1035 2071 1248 2157 commotus
1288 2076 1484 2170 Aurelius

411 2208 587 2315 populari
608 2209 650 2288 in
673 2208 913 2289 Christianos
938 2209 1026 2287 odio
1040 2225 1077 2287 et
1095 2203 1389 2309 magistratuum
1404 2223 1488 2286 ‘cru-

414 2336 560 2415 delitati
578 2336 749 2417 habenas
764 2338 892 2417 laxare
905 2336 1123 2417 uidebatur.
1134 2335 1300 2416 Vixdum
1314 2334 1488 2416 lustinus

414 2468 591 2549 ultimam
619 2470 820 2577 posteriori
847 2469 1032 2577 apologiae
1057 2465 1215 2550 manum
1239 2470 1489 2574 imposuerat,

413 2625 502 2677 cum
516 2599 644 2707 etipse
659 2601 791 2680 Romae
805 2616 1003 2680 accusatus
1018 2616 1088 2691 est,
1106 2615 1157 2692 et,
1178 2626 1295 2706 quam
1311 2598 1410 2705 stylo
1426 2599 1491 2678 dc·

413 2727 587 2812 lenderat
602 2730 839 2838 religionem,
860 2731 1048 2838 sanguine
1063 2729 1319 2809 confirmarit.
1491 2740 1494 2748 “

467 2861 528 2944 An
543 2867 797 2971 postrelatam
808 2864 911 2971 apud
923 2865 1119 2946 Granuam
1131 2862 1275 2943 flumen
1291 2861 1490 2942 victoriam

416 3010 530 3101 atque
557 2996 766 3076 exercitum
792 2995 1015 3096 Quadorum
1048 3021 1069 3073 c
1094 2992 1274 3072 manibus
1307 2991 1491 3071 divinitus

415 3141 588 3232 ereptum
605 3125 722 3233 (auno
737 3127 774 3209 J.
800 3125 846 3206 C,
868 3125 980 3234 174),
1009 3125 1224 3232 persecutio
1245 3123 1490 3218 deferbuerit,

418 3259 558 3365 saepius
593 3261 855 3367 disceptatum
877 3277 949 3339 est.
979 3258 1239 3339 Tertullianus
1270 3256 1415 3338 Aurelii
1443 3257 1496 3334 ad

421 3405 596 3472 senatum
619 3388 817 3498 epistolam
833 3388 1158 3480 commemoravit,
1175 3387 1217 3467 in
1233 3413 1310 3495 qua
1333 3387 1493 3494 impera·

460 3739 471 3780 ¹
485 3738 550 3798 Κατ’
561 3744 688 3820 ἐνέργειαν
703 3741 734 3800 δὲ
745 3751 795 3798 τῶν
806 3745 910 3818 φαύλων
921 3742 1063 3820 δαιμόνων,
1077 3745 1187 3804 θάνατος
1195 3743 1293 3817 ὡρίσθη
1305 3743 1373 3795 κατὰ
1386 3747 1435 3795 τῶν
1447 3742 1496 3803 τὰς

420 3829 578 3925 lucarano,
592 3852 608 3912 ἣ
623 3849 763 3919 altoltus,
775 3851 849 3912 ἡτῶν
858 3859 993 3927 προφητῶν
1004 3849 1112 3926 [ildinus
1122 3848 1358 3923 ἀναγινωσκόντων.
1371 3839 1491 3921 (Juslln.

421 3953 511 4031 Apol.
526 3965 549 4026 1,
558 3950 624 4030 44.)

462 4052 531 4118 *lo
545 4053 617 4116 ibid.
636 4087 675 4100 -
688 4051 800 4116 Euseb.
817 4054 895 4116 Hist.
909 4053 1007 4114 eccles.
1024 4065 1073 4131 tv,
1087 4053 1136 4114 13.

461 4145 689 4222 ⁸Euseb.11tst.
706 4160 804 4220 cortes.
817 4173 866 4237 ru,
881 4160 929 4221 15.
947 4191 984 4203 -
994 4155 1031 4220 P.
1044 4155 1138 4220 Oros.
1157 4171 1224 4235 vu,
1239 4157 1287 4218 15.
1300 4187 1338 4201 -
1352 4151 1497 4233 Ruinart,

421 4276 497 4332 Actu
511 4274 679 4346 martyrum
688 4265 966 4328 sincerootsolectu.
1318 4313 1320 4317 ,

463 4373 599 4438 *lustin
620 4375 771 4454 Apol-,m
795 4406 833 4418 -
852 4370 1007 4435 Melitonis
1020 4372 1050 4435 et
1065 4367 1247 4452 Apollinaris
1266 4366 1431 4448 Apologia,
1445 4382 1494 4449 ap.

425 4477 600 4560 Eusebium,
615 4480 690 4543 Hist.
711 4478 809 4542 eccles.
827 4491 875 4556 tv,
889 4477 938 4539 νδ.
