3614 5480
765 675 802 686 ..
824 639 859 702 21
885 673 922 686 ..

306 799 440 878 opem,
470 771 610 861 fateor,
642 769 824 862 inclinat,
853 770 1016 878 propriae
1045 767 1303 860 infirmitatis,
1334 768 1383 846 in

210 933 217 939 ·’
309 919 414 981 tanto
431 931 558 982 rerum
580 903 749 1010 fastigio,
769 904 965 993 conscius;
988 903 1054 980 sed
1071 900 1170 979 nihil
1185 898 1378 981 affirmare

306 1037 433 1127 audet,
454 1065 591 1145 neque,
610 1037 916 1118 Christianorum
931 1037 1065 1126 instar,
1087 1034 1211 1112 Deum
1227 1059 1378 1140 semper

306 1185 343 1246 et
362 1168 506 1274 ubique
522 1168 648 1247 oranti
663 1169 795 1248 adesse
809 1197 878 1276 pro
892 1183 994 1246 certo
1012 1165 1143 1244 habet.

358 1297 401 1376 ld
420 1298 611 1404 imprimis
632 1299 779 1378 curavit
794 1298 1031 1391 Antoninus,
1052 1314 1094 1375 ut
1109 1295 1208 1374 bene
1222 1295 1380 1376 vivendi

305 1446 496 1536 praccepta
509 1448 614 1510 extra
629 1430 909 1512 dubitationem
924 1444 1172 1537 ponerentur,
1188 1442 1226 1506 et
1242 1427 1283 1505 in
1298 1454 1376 1507 me·

304 1561 368 1640 dio
378 1561 644 1642 fluctuantium
656 1563 882 1669 opinionum
894 1579 990 1640 aestu
1004 1560 1080 1638 lixa
1092 1577 1207 1666 atque
1220 1558 1382 1637 immota

304 1709 534 1798 perstarent.
550 1698 631 1775 Hac
647 1695 876 1802 cogitatione
895 1723 943 1772 ne
957 1721 1035 1772 uno
1056 1691 1213 1798 quidem
1234 1691 1296 1769 die
1315 1721 1378 1774 va·

304 1827 420 1920 cavit,
434 1827 527 1920 sive,
541 1856 608 1933 per
619 1828 814 1907 Caesarum
822 1827 947 1917 vitias,
961 1842 1146 1905 secretum
1157 1851 1201 1902 ac
1210 1822 1380 1902 solitudi-

305 1985 393 2036 nem
408 1977 551 2066 peteret
566 1961 807 2067 principibus
823 1977 976 2066 negata,
995 1957 1075 2036 sive
1088 1960 1220 2036 Romae
1233 1955 1377 2035 invitus

306 2089 346 2167 iu
366 2091 454 2169 aula
477 2109 711 2183 versaretur3
733 2119 849 2198 quam
868 2091 1027 2170 vocabat
1046 2115 1263 2180 novercam,
1285 2087 1381 2166 dum

305 2222 441 2302 matris
467 2251 608 2302 nomen
632 2223 885 2331 philosophiae
913 2222 1167 2302 reservabut¹.
1195 2221 1280 2300 Non
1304 2219 1378 2297 alia

303 2353 345 2432 in
362 2371 512 2460 pectore
527 2358 717 2448 volvebat,
741 2357 944 2463 siquando
967 2355 1119 2462 imperii
1142 2353 1376 2434 necessitati·

302 2485 376 2565 bus
390 2488 429 2565 iu
446 2488 620 2567 militiam
634 2490 831 2594 agebatur.
848 2490 1006 2586 Quoties
1019 2489 1137 2579 enim,
1155 2487 1227 2566 sub
1242 2485 1376 2563 nubilo

303 2620 517 2701 Germaniae
537 2623 648 2712 ciclo,
677 2623 780 2727 apud
799 2622 970 2700 Danubii
987 2621 1046 2698 vel
1061 2623 1227 2701 Granuae
1253 2618 1372 2722 ripas,

302 2753 493 2857 permixta
519 2757 780 2833 Romanorum
814 2755 1141 2858 barbarorumque
1172 2777 1260 2829 ossa
1285 2777 1375 2826 con-

302 2885 530 2990 templatus,
562 2888 609 2965 de
636 2885 816 2965 humanis
847 2885 995 2964 vicibus
1023 2911 1067 2963 ac
1091 2885 1195 2992 justa
1224 2908 1374 2960 morum
1465 2979 1466 2982 Ἴ

303 3019 505 3124 disciplina
523 3019 721 3125 cogitavit!
742 3019 899 3118 Quoties
921 3017 1101 3108 tabellas,
1128 3042 1225 3121 quas
1246 3041 1379 3092 seeum·

304 3178 454 3256 semper
469 3151 658 3243 habebat,
691 3180 711 3231 e
735 3153 823 3230 sinu
859 3149 1117 3258 deprompsit,
1144 3163 1182 3226 et
1208 3147 1373 3254 plurima

302 3283 499 3390 inscripsit
512 3283 696 3363 divinitus
711 3283 900 3374 instituta,
923 3310 1008 3387 quae
1031 3282 1175 3362 victum
1199 3282 1374 3386 despera·

303 3407 460 3524 tumque
483 3418 687 3524 erigerent,
714 3417 870 3494 victoris
885 3443 974 3495 vero
988 3414 1128 3494 fastum
1144 3430 1256 3520 atque
1274 3412 1379 3492 inso-

302 3548 459 3628 lentiam
478 3549 759 3628 retunderent²l

354 3683 479 3762 Homo
496 3683 648 3788 triplex,
667 3701 709 3760 ut
724 3683 850 3760 Marco
867 3682 992 3760 visum
1009 3697 1066 3759 est
1085 3709 1094 3756 :
1117 3705 1257 3787 corpus
1275 3678 1384 3758 scili-1

302 3830 373 3904 eet,
392 3813 535 3906 anima,
551 3833 587 3892 et
602 3841 710 3894 mens
728 3813 931 3904 sincratio,
946 3815 992 3891 ad
1008 3839 1122 3918 quam
1135 3811 1386 3916 principatus·

343 4264 352 4303 ¹
368 4259 415 4323 M.
433 4259 707 4335 Antonirr.V1‚li.

341 4379 526 4443 ¹Librorum
540 4385 575 4447 εἰς
595 4386 689 4439 ἑαυτὸν
706 4377 836 4458 primum
855 4376 892 4437 ad
906 4373 1066 4440 Granuam
1075 4371 1153 4454 apud
1169 4367 1307 4456 Quados,
1323 4385 1373 4432 se.-

301 4483 433 4548 cundum
445 4483 593 4548 Carnunti
606 4481 724 4562 scripsit
738 4479 785 4544 M.
802 4477 983 4544 Antoninus.
