3614 5480
908 691 946 704 ..
968 655 1008 720 23
1027 690 1068 706 .-

449 789 488 868 iu
522 788 597 867 alio
627 788 742 867 loco:
772 788 987 896 Antequam
1022 804 1223 868 nocentem
1244 788 1520 898 reprehendas,

448 938 572 1000 tecum
596 922 725 1000 animo
743 939 874 1028 reputa
896 951 947 1000 an
965 949 1165 1030 nunquam
1183 921 1258 1000 tale
1272 919 1416 1028 aliquid
1437 921 1522 1028 ipse

449 1055 582 1136 feceris
598 1062 623 1132 ¹.

503 1185 604 1266 Dum
613 1187 653 1264 in
668 1185 1390 1292 hacquaestioneAureliusimmoratur,
1404 1187 1521 1267 Hera·

451 1319 530 1397 oliti
554 1317 670 1397 verba
693 1321 869 1426 quaedam
894 1317 1023 1414 refert,
1053 1348 1173 1428 aquo
1197 1319 1384 1400 nonnulla
1404 1318 1522 1398 stoica

450 1450 619 1559 profecta
642 1468 756 1530 sunt:
778 1453 972 1544 «Omnes
992 1453 1052 1532 vel
1076 1453 1220 1533 conscii
1243 1452 1303 1532 vel
1325 1452 1459 1544 nescii,
1486 1465 1523 1528 et

450 1583 684 1663 dormientes
701 1585 829 1676 etiam,
847 1585 1070 1664 universum
1081 1586 1216 1666 mundi
1231 1586 1402 1664 laborem
1417 1584 1523 1691 adju·

450 1733 557 1808 rant,
585 1732 767 1825 tanquam
791 1717 906 1796 unius
929 1719 1056 1823 operis
1078 1719 1256 1798 artifices.
1278 1720 1325 1797 Et
1347 1716 1411 1796 ille
1434 1743 1523 1796 suas

449 1865 577 1955 partes
593 1851 671 1957 agit
685 1850 752 1956 qui
767 1851 808 1928 in
827 1853 1030 1930 adversum
1053 1851 1202 1943 nititur,
1220 1867 1333 1959 atque
1351 1849 1391 1929 id
1410 1849 1525 1956 potis·

451 1981 591 2060 simum
612 1983 739 2062 studet
757 1999 800 2061 ut
817 2011 915 2090 opus
929 1983 1114 2090 impediat
1134 1984 1193 2063 vel
1212 1983 1356 2074 delean
1380 1996 1525 2060 namet

451 2111 534 2193 haec
556 2141 710 2221 quoque
736 2114 831 2192 fiant
861 2143 1014 2196 necesse
1034 2136 1093 2195 est
1110 2122 1138 2194 ².
1165 2149 1180 2188 ι
1207 2115 1385 2221 Apertius
1410 2114 1524 2192 etiam

451 2245 494 2325 in
521 2245 627 2324 hunc
662 2275 817 2326 sensum
850 2247 1115 2356 ChrysippuS,
1146 2249 1178 2327 si
1208 2247 1412 2328 Plutarcho
1445 2271 1524 2324 cre·

451 2377 578 2457 dimus
603 2407 612 2456 :
642 2378 820 2458 «Vitium
839 2382 985 2460 caeteris
1008 2381 1198 2461 consentit
1217 2397 1255 2460 et
1281 2383 1330 2460 ad
1349 2379 1525 2460 eumdem

451 2525 598 2617 spectat
614 2508 751 2602 linem;
769 2527 828 2590 est
840 2513 964 2606 enim,
982 2530 1026 2591 ut
1041 2514 1210 2620 reliqna,
1236 2512 1448 2592 secundum
1462 2539 1526 2590 na·

452 2660 549 2721 turae
560 2643 762 2734 rationem,
778 2672 915 2752 neque,
934 2663 976 2724 ut
991 2646 1046 2725 ita
1061 2646 1200 2739 dicam,
1221 2673 1348 2727 rerum
1364 2671 1526 2724 summae

452 2775 611 2858 inutile:
629 2805 705 2884 quo
720 2779 884 2872 sublato,
905 2780 1051 2859 bonum
1075 2807 1154 2858 non
1169 2785 1304 2860 esset³.
1321 2813 1338 2852 ›
1358 2779 1437 2858 lsta
1448 2777 1526 2885 opi·

453 2902 569 2987 nione
590 2907 688 2986 nihil
710 2909 857 3003 falsius,
876 2928 918 2988 ut
942 2911 1039 2989 mihi
1062 2912 1229 3004 videtum
1258 2909 1355 2988 nihil
1379 2925 1524 2988 certea

456 3037 678 3118 Christiano
704 3043 880 3148 dogmate
908 3043 1029 3149 magis
1058 3042 1241 3121 alienum.
1261 3042 1362 3121 Deus
1389 3040 1522 3119 vitium

451 3171 615 3279 patitur,
643 3200 720 3251 non
746 3175 929 3279 imperat,
950 3202 1038 3252 cum
1064 3175 1227 3254 liberum
1253 3174 1403 3253 homrni
1428 3171 1525 3251 arhi-

452 3305 569 3383 trium
588 3304 797 3411 reliquerit.
814 3282 876 3398 At,
895 3307 1061 3414 inquies,
1078 3308 1309 3387 deteriorum
1321 3306 1524 3385 hominum

452 3432 612 3514 consilia
626 3435 851 3541 plerumque
865 3438 1122 3542 decipiuntur,
1140 3453 1253 3544 atque
1266 3464 1312 3515 ex
1326 3437 1410 3542 ipso
1422 3435 1524 3513 malo

452 3567 598 3646 bonum
622 3569 830 3674 aliquando
853 3570 974 3648 oritur
991 3571 1244 3676 insperatum.
1260 3569 1363 3648 Deus
1387 3595 1525 3675 nempe

452 3699 622 3780 humana
641 3701 794 3808 corrigit
807 3730 851 3780 ac
865 3702 1011 3810 dirigit,
1033 3720 1083 3794 et,
1101 3721 1143 3782 ut
1157 3701 1337 3808 praeclare
1349 3701 1525 3780 dixittlu-

324 3889 327 3901 ·
453 3835 642 3941 gustinus,
665 3837 776 3915 etium
791 3837 835 3916 dc
853 3838 910 3915 his
930 3837 992 3941 qui
1005 3834 1525 3945 socient‘qutcnonvult,socit

493 4265 502 4307 ¹
516 4263 562 4328 Μ.
576 4263 712 4328 Antonin
726 4279 762 4346 x,
775 4267 824 4330 30.

490 4369 563 4435 ¹1d.
584 4388 632 4448 vr,
649 4373 698 4435 tt.

493 4477 670 4543 ‘Plutarch
688 4488 730 4542 De
742 4481 831 4542 Stoic.
849 4479 1021 4542 contradict.
1040 4482 1088 4540 31.
