3614 5480
744 629 882 696 ..92

281 762 425 841 culum.
448 763 625 843 Nondum
644 755 780 868 loquor
798 763 845 842 de
865 764 981 842 Marci
999 753 1213 858 stoicismo,
1237 797 1351 874 quem

281 893 381 972 infra
413 895 648 989 videbimuS,
693 897 759 976 sed
792 896 840 974 de
874 896 1001 1003 prisca
1027 896 1157 977 illa-ct
1185 904 1352 1005 genuina

280 1028 450 1132 porticus
491 1028 693 1121 doctrina,
731 1027 885 1137 qualem
926 1029 1017 1109 olim
1058 1032 1160 1137 apud
1200 1035 1353 1116 Graecos

279 1160 488 1254 Zenonem,
504 1160 727 1242 Cleanthem
747 1191 790 1240 ac
807 1162 1066 1270 Chrysippum
1083 1162 1274 1269 professos
1293 1196 1354 1247 ac·

279 1294 465 1400 cepimus.

332 1428 414 1508 Hoc
426 1428 608 1533 primum,
622 1429 724 1534 apud
735 1428 885 1522 stoicos,
900 1430 1011 1536 quasi
1022 1431 1207 1510 doctrinae
1219 1429 1353 1510 lunda·

279 1575 452 1639 mentum
474 1601 482 1642 ι
502 1559 599 1638 nihil
618 1561 773 1668 gignere
791 1589 902 1668 posse
922 1565 1025 1669 quod
1045 1565 1095 1643 sit
1117 1585 1252 1670 expers
1274 1591 1353 1644 cor·

279 1695 420 1801 poris¹.
452 1696 556 1774 Deus
588 1722 678 1802 ergo
710 1695 908 1802 corporale
938 1696 1105 1802 aliquid,
1143 1718 1258 1802 πνεῦμα
1292 1699 1353 1777 vel

279 1835 384 1926 αἰθὴρ,
404 1828 463 1906 vis
486 1829 663 1935 quaedam
688 1829 813 1935 ignea,
844 1830 1013 1908 materiae
1033 1827 1249 1924 formatrix,
1272 1858 1352 1910 non

279 1961 461 2052 creatrix,
478 1978 516 2039 et
538 1960 686 2039 cunctis
711 1977 860 2040 naturae
884 1962 1351 2069 1·ebuspenitusinlusa².

278 2091 466 2172 Mundum
481 2093 608 2198 ipsum
623 2091 834 2170 animatum
851 2107 888 2170 et
902 2091 1086 2171 rationale
1100 2093 1260 2200 aliquid,
1275 2094 1353 2172 imo

280 2239 316 2299 et
329 2223 454 2301 Deum
467 2222 721 2317 existimant³,
739 2249 824 2299 cum
838 2219 1014 2301 effectum
1030 2249 1100 2328 pro
1113 2248 1241 2317 causa,
1256 2251 1353 2331 opus

280 2382 351 2458 pro
374 2353 511 2460 opifice
535 2355 738 2460 accipiant.
762 2356 889 2453 Quam
917 2353 1097 2433 universo
1120 2355 1265 2433 mundo
1285 2354 1354 2432 tri-

278 2485 442 2565 buerant
455 2485 710 2578 divinitatem,
728 2486 828 2564 hanc
843 2503 880 2566 et
894 2486 1012 2566 variis
1028 2486 1162 2565 mundi
1180 2487 1354 2593 partibus

278 2617 524 2696 tribuendam
543 2619 808 2709 censuerunt⁴,
833 2617 993 2723 ideoque
1019 2645 1066 2695 ex
1090 2616 1166 2695 alta
1185 2617 1355 2722 philoso-

279 2747 381 2854 phiae
411 2775 496 2826 arce
529 2747 570 2825 in
604 2749 829 2854 popularem
860 2746 1173 2852 superstitionem
1206 2746 1352 2853 delapsi

279 2899 386 2959 sunt.
403 2880 600 2987 Quidquid
614 2863 828 2986 corporale,
843 2879 1059 2959 necessario
1077 2879 1230 2957 linitum
1251 2909 1262 2958 :
1284 2881 1354 2958 ita-

276 3039 350 3118 que
371 3012 576 3091 stoicorum
596 3011 698 3090 Deus
723 3011 921 3088 materiam
946 3037 1025 3088 non
1051 3009 1127 3089 nisi
1151 3010 1353 3090 eluctando

277 3143 405 3236 linxit;
431 3160 469 3223 et
491 3143 833 3250 aliquandovictus
856 3157 927 3234 est,
954 3170 1042 3223 cum
1067 3141 1188 3220 multa
1203 3169 1249 3220 ex
1270 3142 1355 3249 ejus

317 3518 327 3559 ¹
344 3529 401 3582 Πᾶν
418 3526 471 3600 γὰρ
492 3524 522 3576 τὸ
541 3529 632 3578 ποιοῦν
645 3529 720 3598 σῶμα
732 3523 799 3578 ἐστι.
815 3515 919 3598 (Dl0g·
934 3514 1052 3593 Lucil„
1068 3529 1132 3593 vti,
1151 3512 1217 3592 56.)
1235 3547 1273 3560 -
1290 3511 1358 3578 Sla-

276 3621 379 3687 tuehat
401 3623 481 3686 enim
498 3620 608 3704 (Zeno)
626 3625 729 3703 ignem
753 3638 817 3686 esse
838 3623 931 3702 ipsam
953 3625 1110 3700 naturam,
1136 3637 1202 3700 quac
1223 3617 1354 3701 quidque

276 3729 428 3810 gigneret,
453 3731 483 3792 et
505 3733 740 3809 mentematque
761 3744 901 3792 sensus...
922 3726 1014 3791 Nullo
1036 3724 1128 3790 modo
1152 3722 1357 3788 arbitrabatur
1413 3712 1415 3716 ’

277 3834 438 3922 quidquam
459 3836 539 3898 effici
561 3851 650 3916 posse
672 3833 709 3896 ab
728 3850 762 3897 aa
784 3851 851 3915 quae
869 3837 947 3896 esset
967 3848 1073 3913 expers
1095 3831 1244 3911 corporis.
1265 3829 1353 3913 (Cic.

276 3941 446 4002 Academic.
463 3949 566 4022 quest.
585 3957 609 4020 1,
625 3941 686 4020 ll.)

319 4045 433 4126 ¹,Diog.
452 4047 552 4108 Laert.
567 4061 632 4126 vu,
649 4047 718 4108 134.

318 4159 329 4190 ⁵
346 4155 392 4216 ὅτι
407 4157 436 4213 δὲ
452 4165 496 4214 καὶ
512 4163 574 4224 ζῶον
591 4161 604 4213 ὁ
627 4161 724 4233 κόσμος
742 4163 786 4211 καὶ
804 4158 909 4232 ¹laps-adr
931 4163 975 4212 aul
997 4153 1117 4231 ἔμψυχον
1137 4161 1181 4210 καὶ
1197 4158 1298 4230 νοερὸν,
1313 4157 1356 4208 καὶ

280 4267 438 4338 Χρύσιππός
457 4283 535 4337 φησιν
550 4264 575 4317 ἐν
588 4269 680 4339 πρώτῳ
695 4267 753 4338 περὶ
772 4268 905 4336 προνοίας,
924 4266 967 4315 καὶ
983 4253 1171 4337 dnollo'dopo'c
1184 4279 1262 4335 pactu
1281 4258 1309 4313 ir
1322 4263 1356 4330 τῇ

280 4376 374 4442 φυσικῇ
387 4375 430 4424 καὶ
441 4367 624 4431 Ποσειδώνιος.
638 4361 743 4442 (Diog.
762 4361 863 4424 [alieri.
882 4377 947 4439 Vll,
964 4361 1045 4439 lli.)

318 4475 329 4508 ⁴
344 4469 410 4533 Cic.
428 4477 471 4533 Dc
483 4478 553 4534 Not.
571 4478 713 4532 Deorum.
733 4474 833 4548 11,15,
849 4472 887 4531 23
902 4472 932 4531 et
948 4483 1014 4548 sqq.
