3614 5480
947 559 985 574 -
1007 526 1045 590 η
1066 555 1105 573 ..

480 667 578 750 diue
588 670 613 742 ¹.
628 659 826 768 Quidquid
836 657 907 738 tibi
918 656 1121 764 contingit,
1130 656 1169 738 id
1179 685 1226 738 ex
1235 675 1559 772 aeternotempore

480 797 720 884 destinatum
743 810 823 886 est,
854 815 1135 898 causarumque
1153 793 1269 874 series
1293 795 1368 876 sibi
1392 797 1557 880 inuicem

483 930 739 1040 implexarum
760 927 815 1006 tui
837 923 959 1032 ipsius
984 923 1237 1004 substantiam
1262 954 1350 1006 cum
1371 929 1445 1010 isto
1465 957 1556 1010 casu

483 1061 698 1172 composuit
709 1059 823 1140 ².Nec
835 1056 1049 1138 necessario
1062 1061 1306 1149 tantum,sed
1313 1059 1415 1167 juste
1425 1063 1556 1142 omnia

482 1195 718 1286 adveniunt:
735 1190 879 1299 quippe
895 1216 982 1296 quae
997 1215 1076 1267 non
1093 1189 1218 1270 solum
1232 1217 1280 1270 ex
1300 1194 1565 1300 antecedenti-J

481 1330 558 1412 bus
573 1325 700 1408 causis
715 1323 824 1415 liant,
849 1323 916 1402 sed
934 1321 1144 1402 secundum
1162 1322 1365 1430 justitiam,
1383 1342 1497 1432 atque
1508 1356 1554 1407 ex

480 1461 586 1542 illius
609 1457 768 1540 arbitrio
790 1457 857 1564 qui
880 1481 993 1534 suum
1016 1455 1155 1562 cuique
1174 1457 1414 1564 aequabiliter
1428 1459 1554 1540 distri·

479 1723 747 1834 excipiendum
762 1721 826 1802 sit.
847 1721 979 1828 ltaque
998 1720 1234 1813 Antoninus,
1256 1720 1334 1802 fata
1359 1723 1553 1830 adipsum

478 1855 710 1968 pertinentia
732 1853 937 1946 reveritus,
954 1851 1208 1932 exclamavit:
1230 1854 1458 1964 «Quidquid
1482 1857 1552 1938 tibi

477 1990 677 2082 convenit,
700 1987 895 2079 ollunde,
924 1984 1102 2066 convenit
1128 1985 1299 2066 etmihi.
1327 1988 1432 2069 Nihil
1456 1989 1552 2070 mihi

476 2125 746 2214 immaturum,
764 2116 862 2200 nihil
887 2145 1016 2198 serum
1038 2134 1113 2210 est,
1141 2119 1245 2225 quod
1269 2119 1339 2198 tibi
1365 2121 1554 2229 tempesti-

477 2283 585 2338 vum.
598 2255 861 2358 Quaecumque
877 2251 979 2330 uices
992 2266 1069 2330 tuae
1083 2249 1257 2343 tulerint,
1273 2253 1470 2346 olintum,
1489 2281 1548 2348 ea,

477 2406 663 2496 tanquam
688 2383 834 2464 fructus
852 2382 960 2464 humi
988 2382 1189 2491 delapsos,
1210 2383 1375 2466 libenter
1388 2385 1547 2494 accipio.

480 2520 622 2604 Omnia
631 2545 678 2598 ex
689 2534 729 2597 te
738 2534 822 2596 orta
835 2533 940 2608 suut;
957 2517 999 2594 in
1009 2531 1046 2594 te
1060 2515 1191 2596 omnia
1202 2516 1436 2611 consistunt3
1450 2518 1500 2597 ad
1515 2536 1551 2597 te

470 2654 605 2736 omnia
629 2666 889 2732 revertuntur.
917 2648 1091 2730 Ooivitos
1113 2648 1233 2730 amico
1250 2645 1438 2757 Cecropiel
1460 2649 1551 2730 dicit

474 2787 614 2896 aliquis
630 2784 672 2864 in
689 2783 888 2889 tragoedia,
908 2781 1080 2864 Athenas
1094 2781 1379 2889 respiciensrtu
1395 2809 1486 2864 vero
1504 2785 1550 2864 de

475 2923 621 3002 mundo
636 2945 715 2998 non
729 2915 834 2996 dices
848 2944 860 2993 ε
874 2917 909 2996 0
923 2915 1059 2994 civitas
1074 2915 1196 2993 amica
1209 2915 1314 2996 Jovis
1325 2916 1359 2994 ⁴!
1378 2949 1396 2988 ι

527 3053 619 3134 Haec
642 3049 810 3159 prolecto
835 3065 914 3126 tam
938 3046 1113 3153 religiose
1138 3075 1256 3154 quam
1278 3047 1428 3127 sortiter
1449 3047 1549 3128 diota

472 3187 569 3268 satis
587 3182 768 3266 admirari
782 3206 860 3260 non
877 3179 1037 3288 possim.
1060 3179 1110 3258 At
1125 3206 1203 3258 uon
1220 3207 1371 3288 semper
1385 3181 1485 3260 idem
1500 3181 1549 3259 de

475 3315 717 3429 providentia
734 3311 953 3392 Antoninus
975 3340 986 3389 ε
1006 3311 1199 3390 interdum
1219 3312 1380 3392 enimin
1399 3311 1548 3392 dubita·

474 3449 618 3530 tionem
639 3443 758 3535 cadit,
784 3468 854 3522 nec
877 3442 931 3521 sic
955 3439 1032 3520 lato
1055 3442 1176 3523 credit
1199 3457 1241 3522 ut
1263 3441 1361 3521 nihil
1384 3439 1547 3522 lortuuae

515 3853 526 3894 ¹
539 3847 586 3914 M.
603 3843 750 3912 Antonin.
763 3857 828 3922 vu,
843 3843 893 3904 47.

514 3962 527 3994 ¹
542 3952 589 4014 ὃτι
606 3957 638 4012 ἄν
656 3967 698 4009 rot
714 3951 860 4028 uvpssalup,
874 3955 953 4007 τοῦτό
974 3969 1017 4004 σοι
1030 3949 1058 4017 ἒξ
1071 3951 1162 4016 αἰῶνος
1176 3952 1451 4027 προκατισκιυὰζετο·
1472 3955 1545 4013 καὶὴ

469 4063 600 4124 ἐπιπλοκὴ
612 4067 663 4114 τῶν
677 4059 767 4114 αἰτίων
782 4056 925 4112 aestatem
936 4059 984 4118 τήν
999 4074 1028 4110 τι
1042 4057 1090 4117 ola
1112 4055 1260 4112 ὑπόστασιν
1284 4055 1312 4125 ἕξ
1329 4053 1416 4113 attin
1433 4063 1477 4115 καὶ
1496 4062 1544 4118 τὴν

469 4174 566 4229 τούτου
579 4162 723 4240 cupiaris.
734 4154 894 4238 (Aulonln.
912 4170 951 4233 X,
964 4155 1009 4236 5.)

512 4263 583 4330 ⁸1t.
598 4265 710 4340 1v‚1o.

512 4381 525 4413 ⁴
538 4368 586 4434 ld.
603 4381 652 4447 tu,
667 4366 716 4428 23.
