3614 5480
908 569 947 578 ..
968 534 1007 598 32
1029 569 1068 578 ..

450 681 603 742 noctem
623 662 791 768 elapsam
809 662 990 743 redituro.
1010 664 1213 769 Postquam
1223 659 1398 742 lustinus
1409 662 1525 741 morti

450 797 654 874 damnatus
678 812 799 886 esset,
829 796 1080 902 interroganti
1106 794 1285 884 Rustico,
1311 822 1361 872 an
1385 821 1525 873 merce·

449 929 536 1008 dem
561 928 634 1006 sibi
656 957 675 1003 n
696 927 776 1007 Deo
793 945 1024 1006 reservatam
1039 954 1121 1006 esse
1136 928 1383 1035 opinaretur:
1406 961 1422 1000 ι
1439 928 1525 1007 Νοιι

451 1060 626 1166 equidem
639 1060 788 1165 opinor,
805 1060 943 1165 inquit,
960 1078 997 1138 at
1011 1058 1173 1165 perfecte
1184 1059 1260 1138 scio
1274 1065 1299 1136 ¹.
1316 1092 1332 1130 a

503 1193 600 1286 Hoc,
620 1193 718 1270 inter
736 1191 998 1298 philosophos,
1017 1192 1214 1270 Antonino
1231 1192 1431 1297 proprium
1451 1207 1523 1286 est,

449 1326 551 1432 quod
566 1325 778 1405 doctrinam
790 1352 836 1404 ex
849 1322 1083 1403 umbraculis
1097 1325 1335 1406 eruditorum
1350 1325 1391 1403 in
1406 1324 1526 1404 solem

449 1472 563 1563 atque
572 1455 766 1562 pulverem
780 1456 1113 1562 produxerit²‚uec
1124 1456 1165 1534 iu
1175 1483 1283 1535 suam
1296 1471 1445 1534 tantum
1459 1456 1525 1535 sod

450 1587 491 1666 in
507 1586 700 1694 publicam
718 1585 921 1665 utilitatem
934 1587 1178 1665 converterit.
1192 1587 1270 1683 Qui
1283 1603 1427 1677 tamen,
1445 1601 1524 1664 tam

451 1748 523 1800 usu
546 1695 662 1828 quam
686 1719 817 1798 schola
837 1722 1007 1811 edoctus,
1025 1746 1103 1797 uon
1121 1719 1251 1798 animo
1271 1719 1345 1798 sibi
1362 1718 1524 1798 finxerat

452 1852 726 1961 philosophicis
760 1853 920 1932 somniis
943 1852 1135 1931 humanas
1161 1878 1221 1930 res
1247 1853 1525 1931 accommodari

451 2013 576 2092 posse,
602 2013 726 2092 neque
746 1985 788 2064 iu
805 1985 978 2065 Caesarea
994 1989 1115 2065 Roma
1132 1984 1301 2064 Platonis
1319 1983 1525 2092 rempubli-

450 2146 535 2198 cam
564 2118 731 2224 speravit
748 2124 775 2196 ³.
802 2120 907 2198 Fidei
934 2118 1104 2227 justique
1139 2117 1522 2207 observantissimus,

451 2277 641 2330 summam
665 2267 891 2356 potestatem
921 2252 1161 2359 principibus
1185 2251 1428 2330 commissam
1453 2250 1526 2330 exi-

451 2383 644 2474 stimabat,
658 2383 881 2461 utomnium
898 2384 1064 2462 libertati
1077 2383 1526 2490 patrocinarentur⁴‚nec

452 2515 545 2595 adeo
560 2515 633 2595 sibi
646 2515 879 2610 confidebat,
899 2533 941 2595 ut
957 2517 1206 2623 prudentium
1222 2515 1382 2593 consilia
1396 2543 1526 2623 asper·

452 2667 609 2728 naretur
620 2654 645 2726 ⁵.
662 2650 782 2730 Suum
798 2652 946 2774 senabp
964 2652 1079 2729 decus
1095 2648 1261 2728 restituit
1277 2654 1304 2740 6;
1320 2663 1456 2726 etcum
1470 2664 1525 2726 tot

452 2801 706 2890 tyrannorum
725 2783 899 2891 exempla
920 2800 1008 2863 ante
1025 2782 1155 2862 oculos
1179 2781 1350 2874 haberet,
1375 2780 1523 2860 civibus

491 3221 503 3262 ¹
517 3216 596 3282 Just.
613 3216 744 3297 Martyr.
759 3220 836 3293 acta,
853 3233 900 3298 ap.
927 3215 1102 3297 Tillemout‚
1120 3218 1279 3282 Memoircs
1293 3235 1374 3300 pour
1392 3220 1523 3283 ιοιοίιιι

326 3403 327 3410 ¹
450 3321 594 3386 t’ttsutre
606 3322 835 3402 ecclcsimtique,
851 3322 891 3384 T.
910 3335 949 3402 11,
964 3338 994 3403 p.
1007 3322 1077 3384 437.

489 3423 583 3508 ’ἄφες
593 3436 628 3488 τὰ
640 3430 740 3509 flabile.
759 3425 817 3508 (M.
833 3426 980 3490 Antonin.
992 3442 1031 3508 11,
1044 3427 1088 3508 2.)

491 3535 589 3598 ‘Muta
601 3541 648 3598 τὴν
662 3538 798 3601 Πλάτωνος
813 3538 947 3593 πολιτείαν
957 3539 1034 3603 ἔλπιζ
1049 3530 1140 3613 .(Id.
1156 3547 1206 3612 lx,
1219 3532 1283 3613 29.)

488 3645 663 3699 ⁴<bnurnoloeu
683 3643 773 3699 λαὸεῖν
792 3644 923 3706 πολιτείοις
948 3644 1088 3719 ἰσονόμου,
1106 3645 1174 3698 κατὰ
1195 3643 1305 3703 ἰσότητα
1321 3649 1366 3700 καὶ
1386 3646 1521 3719 ἰσηγορίαν

450 3743 640 3821 διοικουμένης,
657 3751 700 3801 καὶ
714 3745 850 3822 βασιλείας
861 3751 977 3822 τιμώσης
995 3749 1099 3802 πάντων
1117 3747 1236 3822 μάλιστα
1249 3753 1297 3807 τῆν
1312 3746 1457 3824 ἐλινθεμίαν
1470 3753 1519 3802 τῶν

448 3850 609 3928 ἀρχομένων.
622 3848 668 3927 (1,
683 3846 754 3927 14.)

487 3949 643 4034 ⁸AEquius
656 3957 701 4016 est
716 3955 751 4015 ut
761 3967 820 4034 ego
833 3956 880 4017 tot
892 3955 923 4015 et
933 3951 1035 4015 lolium
1053 3953 1218 4017 amicorum
1229 3953 1385 4017 eonsilium
1398 3970 1517 4036 sequar,

448 4060 582 4138 quamut
599 4060 645 4120 tot
665 4059 696 4119 et
717 4054 790 4118 tales
809 4057 896 4119 amici
915 4073 1012 4120 meam
1034 4059 1121 4120 unius
1140 4058 1323 4122 voluntalem
1343 4063 1516 4141 sequantur.

447 4158 486 4241 (J.
500 4158 629 4242 Capitol.
643 4151 753 4224 Anton.
762 4160 889 4241 philos.)

489 4255 654 4323 ⁸Senatnm
662 4257 762 4321 multis
773 4257 1046 4341 cognitionibus,et
1056 4259 1182 4324 maxime
1193 4260 1231 4324 ad
1243 4277 1276 4326 se
1288 4259 1516 4344 pertinentibus,
1564 4341 1568 4350 ⁴

445 4363 578 4444 judicem
589 4364 681 4431 dedit.
695 4361 758 4446 (Id.
773 4363 871 4447 lbid.)
