3614 5480
800 609 837 620 ..
860 573 898 636 33
919 608 958 619 ..

332 706 531 798 detestata,
561 703 634 782 hoc
661 703 734 783 sibi
762 704 902 809 saepius
925 701 1124 781 dictitabat
1141 733 1150 781 :
1168 705 1270 787 Cave
1291 735 1339 787 ne
1364 709 1406 789 iu

336 836 524 916 Caesarem
544 832 701 918 'desinas
716 842 743 915 ¹.
769 837 845 918 Nec
870 839 917 916 de
937 837 1060 917 Roma
1078 853 1246 931 tantum,
1275 841 1343 920 sed
1362 843 1409 922 de
1484 913 1488 920 .

335 969 507 1048 humano
533 997 670 1076 genere
693 970 790 1048 benc
807 969 967 1049 meritus
981 985 1052 1064 est,
1070 969 1137 1078 qui
1156 970 1409 1077 gladiatorum

335 1099 504 1180 furorem
535 1101 745 1180 exarmavit
766 1107 793 1192 ²,
826 1100 1012 1208 pudorem
1040 1101 1080 1179 in
1113 1101 1270 1184 balneas
1296 1105 1414 1184 intro-

332 1234 485 1327 duxit³‚
510 1233 716 1313 infantium
738 1235 849 1314 cuuis
864 1234 1086 1340 advigilavit
1100 1237 1127 1327 ⁴,
1147 1238 1411 1344 sepulcrorum

335 1365 560 1472 religionem
582 1367 689 1446 auxit
703 1373 730 1460 ⁵,
751 1383 788 1446 et
810 1394 929 1446 novas
949 1394 993 1445 ac
1012 1367 1196 1448 salutares
1214 1369 1261 1448 de
1279 1373 1415 1451 tutori·

335 1498 409 1579 bus
430 1501 751 1608 curatoribusque
771 1500 874 1608 leges
899 1499 1156 1607 promulgavit
1169 1507 1197 1580 ⁸.
1214 1503 1310 1597 Imo,
1325 1532 1414 1584 cum

336 1657 467 1710 servos
489 1632 666 1712 homines
680 1660 764 1712 esse
784 1633 1037 1725 meminisset,
1056 1635 1265 1741 pessimam
1282 1663 1414 1716 eorum

337 1763 598 1844 conditionem
621 1767 862 1871 temperavit,
890 1783 928 1844 et
945 1765 993 1844 iis
1008 1792 1161 1873 quoque
1177 1767 1240 1875 jus
1256 1768 1415 1850 inviola-

336 1913 419 1977 tum
443 1914 544 1976 stare
569 1897 728 1977 volunt
756 1899 853 1998 Quae
882 1899 1014 1978 omnia
1035 1898 1084 1977 ab
1109 1900 1307 1980 Antonino
1332 1902 1412 1983 sive

337 2031 506 2138 primum
519 2031 711 2123 instituta,
726 2031 806 2111 sive
818 2031 859 2110 iu
871 2031 1008 2112 melius
1018 2049 1178 2123 mutata,
1196 2059 1274 2112 nou
1287 2036 1411 2140 magis

379 2423 389 2466 ¹
401 2415 457 2506 ὅρα
468 2434 504 2504 μὴ
517 2429 745 2506 ἀποκαισαρωθῆς.
765 2423 830 2506 (Vl,
843 2424 909 2507 3⁰.)

376 2534 389 2568 ⁸
403 2533 522 2612 thbptcn
536 2539 587 2612 γὰρ
607 2534 735 2592 οὐδέποτε
746 2535 836 2591 oddtal
847 2536 931 2591 αὐτῶν
941 2533 988 2601 ὀξὺ
1008 2533 1115 2610 ἔδωκεν,
1135 2534 1203 2592 ἀλλὰ
1216 2539 1261 2592 καὶ
1274 2535 1415 2612 igilium,

336 2641 425 2716 ὥσπερ
436 2640 650 2717 ingeminatum,
663 2644 760 2703 πάντες
771 2640 914 2716 ἐμάχοντο.
928 2633 980 2716 (D.
995 2633 1129 2716 Cassius,
1140 2649 1239 2714 uxxt,
1253 2635 1318 2716 29.)

380 2738 538 2804 ⁵Lavacra
551 2743 642 2805 mixta
653 2741 814 2804 submovit.
829 2739 869 2819 (J.
886 2739 961 2821 Cap.
973 2747 1083 2804 Antan.
1093 2741 1185 2820 plait.)

377 2843 523 2908 ⁴Primus
539 2847 628 2926 jussit
647 2845 726 2928 apud
741 2843 900 2926 praefectos
918 2844 1014 2910 aerarii
1028 2843 1152 2911 Saturni
1168 2860 1414 2927 unumquemque

265 2977 269 2986 ·
337 2951 448 3016 civium
469 2958 558 3016 natos
578 2951 688 3016 liberos
711 2951 851 3034 profiteri
869 2953 947 3017 iutra
969 2951 1154 3015 tricesimum
1174 2949 1270 3031 diem,
1292 2954 1414 3016 nomine

213 3091 216 3096 Α
339 3057 489 3140 imposito.
510 3058 573 3124 Per
594 3057 1000 3141 provincias,tabulariorum
1013 3057 1204 3140 publicorum
1222 3074 1309 3122 usum
1327 3059 1415 3123 iusti-

339 3166 408 3246 tuit,
417 3165 498 3248 apud
511 3182 586 3247 quos
599 3167 679 3231 idem
696 3165 735 3230 dc
749 3165 914 3249 originibus
928 3165 1017 3230 tieret
1030 3163 1113 3248 quod
1125 3163 1234 3229 Romae
1245 3163 1324 3246 apud
1334 3181 1414 3247 pre-

337 3266 433 3333 lectos
445 3273 550 3334 aerarii.
562 3270 623 3352 (ld.
638 3272 726 3353 otti.)

378 3373 550 3438 tAntonini
566 3376 647 3458 leges
659 3375 819 3457 sepeliendi
837 3375 1105 3456 sepulcrorumque
1121 3373 1297 3454 asperrimas
1310 3389 1414 3438 sanxe-

339 3482 429 3541 runt:
446 3479 688 3560 quandoquidem
703 3485 847 3543 caverunt
861 3496 911 3556 ne,
923 3479 967 3542 uti
981 3479 1047 3559 quis
1069 3478 1167 3558 vellet,
1191 3475 1350 3540 fabricaret
1363 3493 1413 3540 se-

338 3581 475 3662 pulcrum
480 3628 540 3645 .....
559 3581 685 3649 Marcus
705 3587 804 3645 autem
824 3587 906 3646 tauta
927 3581 1084 3644 clementia
1101 3580 1170 3661 tuit,
1189 3584 1224 3644 ut
1241 3585 1273 3644 et
1289 3585 1413 3663 sumptu

338 3686 460 3769 publico
471 3689 604 3770 vulgaria
616 3685 720 3751 lunera
730 3687 850 3767 juberet
861 3687 976 3752 efferri.
991 3685 1050 3766 (Id.
1066 3687 1154 3759 ibid.)

377 3803 390 3834 ⁸
402 3792 570 3858 Praetorem
585 3795 739 3856 tutelarem
752 3794 865 3873 primus
878 3793 962 3872 lecit,
975 3808 1045 3855 cum
1059 3796 1130 3855 unte
1143 3794 1287 3854 tutoresa
1301 3803 1413 3856 cousu-

339 3899 415 3964 libus
434 3904 645 3982 poscerentur,
668 3907 702 3962 ut
724 3899 895 3982 diligentius
919 3897 957 3962 de
975 3895 1127 3962 tutoribus
1149 3899 1340 3960 tractaretur.
1364 3893 1414 3960 De

340 4003 529 4068 curatoribus
541 4019 626 4082 vero,
639 4021 709 4067 cum
719 4006 788 4066 ante
798 4018 860 4066 nou
875 4001 977 4066 nisiex
991 4001 1058 4082 lege
1070 4000 1212 4080 Laetoria,
1227 4000 1274 4063 vel
1289 4003 1414 4081 propter

340 4105 501 4187 lasciviam,
513 4106 560 4170 vel
573 4109 698 4188 propter
716 4104 897 4170 dementiam
915 4103 1071 4184 darentur,
1085 4104 1127 4168 itu
1140 4104 1246 4168 statuit
1256 4106 1291 4167 ut
1309 4118 1414 4168 omnes

340 4207 433 4273 adulti
450 4213 605 4274 curatores
622 4210 805 4291 acciperent,
818 4223 879 4273 uon
893 4206 1016 4272 redditis
1028 4208 1134 4272 camis.
1148 4205 1189 4288 (J.
1205 4206 1334 4290 Capitol.
1347 4213 1415 4272 An-

341 4314 436 4376 tcnin.
449 4313 525 4395 ptit.

383 4421 517 4500 ’Dictat
530 4419 579 4484 lib.
596 4435 653 4500 xa,
668 4422 692 4483 t.
709 4433 733 4497 1,
746 4417 804 4498 leg.
817 4417 835 4478 t
846 4419 877 4481 et
888 4418 921 4488 54

1235 4529 1250 4576 a
