3614 5480
781 683 819 694 ..
840 648 859 711 5
882 684 919 696 ..

319 778 429 860 cisae
444 780 739 887 praeceptoribus
754 782 988 862 devotissimi
998 789 1021 859 ¹.
1036 781 1108 862 llic
1121 809 1209 862 vero
1220 784 1392 865 animad-

319 913 619 1028 vertendum-est
646 911 840 992 Aurelium
867 915 939 993 sub
953 913 1129 992 altarium
1143 914 1390 1022 antiquorum

319 1045 455 1123 umbra
467 1044 668 1123 educatum
679 1046 900 1136 adolevisse,
914 1064 965 1142 et,
978 1048 1194 1127 utRomani
1208 1048 1321 1156 juris,
1335 1051 1389 1128 sic

319 1177 454 1282 priscae
487 1173 684 1281 religionis
712 1177 910 1281 praeceptis
933 1175 1106 1254 animum
1135 1177 1289 1282 penitus
1318 1178 1389 1256 im-

319 1305 462 1383 buisse.
475 1304 567 1403 Qui,
581 1331 668 1384 eum
678 1305 870 1397 sexennis
884 1307 970 1414 equi
982 1305 1125 1412 publici
1139 1304 1327 1385 honorem
1339 1307 1387 1386 ab

318 1439 514 1518 Hadriano
528 1439 749 1546 accepisset,
769 1457 902 1518 octavo
918 1441 1041 1519 aetatis
1059 1467 1176 1531 anno,
1196 1440 1385 1522 Saliorum

318 1569 475 1676 collegio
485 1571 698 1677 adscriptus
708 1569 887 1650 est².Nec
897 1570 1030 1648 munia
1042 1571 1196 1662 ista,tot
1203 1571 1390 1678 juvenum

318 1702 564 1808 patriciorum
585 1730 702 1792 more,
732 1703 920 1810 neglexit;
944 1730 1076 1782 verum
1100 1703 1390 1810 diligentissime

318 1832 557 1938 adimplevit,
581 1833 760 1911 virtutem
777 1834 959 1941 religione
978 1835 1228 1940 auspicatus³.

371 1963 507 2061 Quoad
531 1964 626 2043 vixit
643 1962 875 2053 Antoninus,
894 1993 916 2042 a
934 1963 1058 2070 prima
1085 1963 1258 2070 pueritiae
1279 1965 1391 2045 disci·

318 2095 424 2202 plina
444 2125 644 2204 nuuquam
660 2097 835 2177 descivit.
854 2097 930 2198 Qui
947 2097 1048 2204 patri
1069 2098 1285 2177 immolanti
1301 2098 1389 2206 pius

319 2227 529 2318 adstiterat,
549 2242 591 2305 ut
608 2226 728 2332 ipsius
743 2227 902 2306 litterae⁴
917 2244 953 2307 et
970 2243 1096 2306 vetera
1111 2243 1304 2307 testantur
1322 2256 1391 2308 nu·

318 2358 494 2438 mismata
512 2389 522 2450 ;
543 2359 609 2465 qui
625 2377 845 2440 recurrente
859 2362 920 2440 die
936 2361 1139 2440 Frontonis
1155 2359 1287 2454 natali,
1313 2386 1392 2439 om·

318 2518 388 2570 nes
403 2493 483 2570 sive
508 2490 695 2598 majorum
721 2492 802 2570 sive
816 2491 1010 2568 minorum
1029 2492 1201 2598 gentium
1216 2490 1393 2583 Deos‚ne

318 2648 397 2699 uno
421 2620 575 2728 quidem
602 2637 772 2727 excepto,
802 2621 1083 2711 invocaverat⁵3
1118 2619 1185 2726 qui
1209 2618 1395 2698 semiruta

318 2752 505 2859 Anagniae
534 2754 673 2866 templa
703 2750 998 2830 venerabundus
1040 2749 1235 2842 inviserat,
1272 2749 1404 2828 libros

361 3107 371 3148 ¹
386 3101 511 3182 Front,
526 3104 682 3183 Epistola,
699 3117 749 3181 iv,
766 3106 813 3164 12.

359 3210 411 3275 ¹J.
428 3210 628 3292 Capitolinus,
641 3210 815 3272 Antoninus
825 3206 1031 3288 philosophata.

360 3315 457 3381 ⁸Fuit
469 3318 499 3379 in
513 3331 551 3379 eo
564 3315 733 3379 sacerdotio
747 3318 777 3378 et
787 3313 894 3396 praesul
910 3317 941 3377 et
956 3316 1039 3378 vates
1051 3315 1082 3375 et
1093 3311 1256 3394 magister3
1271 3315 1303 3375 et
1313 3310 1393 3374 mul-

319 3427 368 3489 tos
387 3422 577 3505 inauguravit
596 3424 686 3502 atque
705 3421 913 3502 exauguravit,
932 3419 1051 3482 nemine
1073 3419 1246 3499 praeeunte3
1265 3415 1347 3498 quod
1362 3419 1394 3481 et

319 3531 383 3613 ipse
410 3529 541 3593 carmina
571 3530 682 3592 cuncta
703 3525 866 3590 didicisset.
892 3523 949 3606 (J.
973 3523 1135 3607 Capitolin.
1160 3531 1231 3587 Lac.
1253 3522 1330 3605 cit.)
1352 3556 1392 3570 -

320 3633 371 3702 Cf.
389 3634 515 3699 Aristid.
535 3641 618 3698 orat.
637 3649 686 3697 tv.

360 3740 551 3805 *Frontonis
565 3743 597 3804 et
609 3737 657 3804 M.
672 3739 821 3804 Antonini
834 3740 931 3820 apat.
941 3785 950 3818 ,
962 3753 1012 3817 tv,
1024 3739 1056 3800 6.

361 3847 471 3912 ¹'Deos
501 3847 678 3927 omnesqui
701 3861 826 3927 usquam
852 3846 988 3926 gentium
1016 3844 1076 3907 vim
1104 3857 1189 3906 suam
1215 3846 1393 3926 praesentem

321 3959 551 4038 promptamque
561 3951 730 4015 hominibus
742 3951 889 4033 praebent,
903 3953 954 4032 qui
964 3952 1011 4015 vei
1025 3950 1160 4031 somniis,
1171 3949 1218 4013 vel
1231 3951 1404 4030 mysteriis,¹

322 4059 539 4140 admediana,
554 4059 601 4122 vel
618 4058 746 4122 oraculis
758 4074 885 4139 usquam
896 4056 1004 4136 iuvant
1018 4059 1108 4137 atque
1120 4055 1271 4137 pollent...
1281 4052 1393 4119 AEscu·

321 4166 445 4248 lapium,
458 4165 646 4244 Minervam,
659 4163 742 4226 Deos
754 4163 843 4227 viales
857 4165 887 4227 et
901 4163 1101 4250 promarinos,
1120 4163 1275 4243 postremo
1288 4175 1393 4224 omues

324 4274 458 4336 omnium
484 4271 665 4355 populorum
690 4269 829 4351 praesides
859 4268 955 4351 Deos,
979 4274 1069 4352 atque
1092 4271 1189 4351 ipsum
1214 4269 1314 4332 lucum
1340 4266 1398 4347 qui

323 4377 505 4461 Capitolium
532 4381 667 4444 montem
691 4377 808 4458 strepit.
834 4375 958 4458 (Front.
981 4379 1013 4442 et
1033 4375 1080 4442 M.
1104 4374 1252 4441 Antonin.
1279 4373 1399 4456 Epist„

324 4501 378 4565 nt,
393 4485 439 4566 9.)
488 4495 492 4509 ·
