3614 5480
747 617 786 626 ..
809 583 845 645 19
867 618 906 626 .-

283 710 501 819 permittat.
520 712 725 818 Postquam
743 707 885 791 divinae
899 711 1112 817 prudentiae
1132 709 1269 790 fidncia
1285 715 1358 792 Ro·

288 871 492 923 manorum
509 843 649 922 animis
665 843 805 922 aboleri
822 844 1013 950 coepisset,
1034 844 1213 924 Fortunae
1230 845 1356 926 cultus

285 977 419 1055 urbem
444 991 561 1052 totam
587 975 793 1055 invaserat.
820 975 927 1052 illam
951 974 1080 1052 multis
1103 975 1176 1056 sub
1196 977 1358 1060 nomini·

284 1107 357 1186 bus
373 1108 619 1197 invocabant,
639 1124 676 1185 et
694 1134 738 1186 eo
756 1107 960 1185 domentiae
975 1122 1171 1200 venerant,
1190 1124 1244 1199 ut,
1263 1126 1357 1188 teste
1372 1171 1376 1176 .

284 1237 423 1327 Tullio,
441 1219 555 1316 etiam
571 1238 680 1317 Malae
695 1237 873 1314 Fortunae
888 1236 1072 1342 templum
1089 1237 1131 1336 in
1151 1236 1358 1345 Esquilino

282 1359 520 1448 ¹aedificarent
540 1375 563 1447 ¹.
597 1369 694 1448 Cum
721 1365 995 1473 Epicureorum
1021 1394 1204 1446 numerus
1225 1372 1357 1450 Romae

285 1498 524 1588 increvisset,
545 1498 675 1576 nullus
695 1497 773 1578 fere
792 1499 897 1577 Deus
916 1499 969 1578 ibi
983 1517 1194 1604 supererat,
1218 1501 1292 1581 nisi
1309 1518 1359 1580 te·

284 1617 491 1711 mererium
503 1634 695 1739 quoddam
711 1659 754 1710 ac
767 1659 817 1709 ne
833 1659 976 1710 numen
986 1633 1154 1739 quidem,
1165 1632 1355 1714 fortuna².

281 1763 414 1870 Neque
432 1763 481 1840 ab
500 1763 573 1841 ista
590 1761 816 1866 contagione
832 1760 971 1840 stoicus
986 1762 1069 1867 ipsa
1083 1760 1305 1843 Antoninus
1319 1791 1359 1843 se

284 1893 470 1972 intactum
484 1892 684 1999 praestitit:
701 1885 849 1969 homini
865 1919 1002 1998 nempe
1014 1891 1111 1970 dixit
1127 1893 1201 1972 diis
1213 1894 1360 2002 adjuto·

285 2023 394 2103 ribus
412 2023 582 2102 simulet
605 2022 759 2101 fortuna
781 2049 879 2128 opus
900 2025 1022 2100 esse&
1041 2022 1086 2101 ln
1108 2021 1183 2101 alio
1204 2025 1360 2131 quidem

283 2153 382 2251 loco,
400 2152 590 2232 fortunam
610 2155 659 2233 ad
684 2153 965 2260 providentiam
989 2152 1130 2234 referre
1159 2157 1356 2250 tentavit⁴;

285 2285 377 2394 quid
402 2285 638 2391 vero.rnagis
665 2283 826 2362 consilio
852 2301 888 2362 et
911 2285 1160 2390 providentiae
1185 2286 1360 2367 dissonat

284 2444 400 2524 quam
414 2443 498 2495 sors
510 2416 568 2494 vel
584 2413 761 2494 fortuna?
773 2413 813 2495 Si
831 2414 961 2493 omniu
976 2415 1016 2493 in
1033 2415 1119 2496 fatis
1138 2436 1243 2510 sunt,
1261 2419 1360 2499 nihil

284 2547 447 2627 fortunae
477 2547 674 2638 relictum;
711 2545 743 2624 si
773 2545 866 2652 quid
897 2543 1064 2626 fortunae
1095 2549 1245 2642 datum,
1280 2578 1358 2630 non

285 2697 423 2759 cuncta
435 2680 514 2758 Deo
530 2679 683 2785 provisa
703 2695 809 2756 sunt.
828 2679 1002 2768 Revera,
1023 2679 1173 2758 Marcus
1194 2682 1357 2788 paucula

285 2814 460 2921 quaedam
475 2810 618 2891 divinae
632 2809 846 2917 prudentiae
860 2808 1052 2889 subtrahit
1062 2813 1087 2900 ⁵,
1105 2828 1143 2890 et
1163 2829 1284 2919 poetae
1301 2842 1359 2894 as·

286 2937 448 3018 sentitur
467 2934 522 3016 sic
543 2935 721 3015 canenti:

209 3373 320 3411 Μ
328 3365 337 3406 ¹
352 3361 418 3426 Cic.
436 3363 615 3443 Delenitus,
631 3377 670 3439 11,
689 3369 736 3422 11.

323 3467 433 3532 ¹'l’oto
448 3467 561 3530 mundo
580 3474 610 3529 et
631 3463 863 3543 rocisomnrbus,
885 3462 1084 3546 omnibusque
1098 3465 1201 3543 horis,
1224 3471 1358 3534 omnium

286 3571 409 3638 vocibus
418 3571 556 3634 Fortuna
568 3570 629 3633 sola
640 3571 796 3632 invocatur
799 3613 859 3629 .....
870 3567 939 3631 Solu
950 3566 1171 3648 laudatur-‚sola
1182 3575 1319 3654 arguitur
1330 3583 1361 3640 et

285 3679 504 3744 cumconviciis
513 3677 659 3741 colitur...
671 3676 750 3738 Huic
760 3675 859 3737 omnia
871 3689 1010 3754 expensa,
1022 3673 1092 3738 huic
1104 3678 1206 3741 omnia
1220 3678 1361 3744 feruntur

286 3785 498 3868 acceptando
509 3780 879 3847 totarationemortalium
891 3779 952 3842 sola
963 3785 1269 3864 utramquepaginarn
1280 3786 1361 3850 facit.

287 3890 433 3971 Adeoque
444 3885 579 3950 obnoxiae
592 3901 694 3947 sumus
706 3883 850 3957 sortiunt
860 3897 925 3944 sors
937 3883 998 3962 ipsa
1007 3898 1063 3962 pro
1073 3881 1198 3964 Deosit‚
1212 3903 1270 3967 qua
1279 3887 1362 3952 Deus

286 3994 432 4078 probatur
446 3993 588 4054 incertus.
606 3970 695 4070 (Prin.
712 3989 788 4050 Hist.
803 3994 867 4049 nat.
881 3985 931 4048 lib.
949 4001 989 4061 11,
1000 3989 1044 4066 7.)

328 4097 397 4162 ¹M.
409 4097 557 4162 Antonin.
573 4114 598 4174 ι,
615 4100 664 4158 17.

326 4202 400 4268 ⁴1d.
418 4217 457 4280 ιι,
474 4205 505 4265 3.

327 4308 431 4392 'nipast
449 4313 478 4371 dd
494 4315 652 4390 μεμνῆσθαι,
676 4313 715 4366 ὅτι
733 4312 766 4366 τὰ
781 4311 868 4366 πάντα
884 4312 990 4385 coarcat
1008 4310 1076 4384 ἔχιι,
1096 4311 1118 4365 εἰ
1137 4315 1172 4384 μὴ
1193 4309 1251 4368 λίαν
1271 4310 1358 4387 ὀλίγα.

287 4415 344 4496 (Μ.
364 4413 509 4479 Antonin.
522 4427 586 4491 vu,
602 4411 665 4488 31.)
