3614 5480
894 621 933 634 ..
953 587 973 650 q
994 619 1032 634 ..

425 723 493 836 qui
503 723 657 830 longius
675 721 716 800 in
734 721 865 801 eadem
892 722 952 800 via
970 736 1007 800 et
1025 719 1205 800 audacius
1225 721 1497 828 progrederen-

426 876 519 940 tur:
540 854 680 935 nostris
695 852 799 934 enim
814 853 1049 960 temporibus
1073 852 1211 959 aliquis
1235 878 1403 931 asserere
1417 881 1496 932 non

427 986 630 1077 dubitauit,
658 984 855 1064 Aurelium
872 1011 1022 1090 semper
1048 999 1084 1062 et
1103 983 1243 1089 ubique
1266 983 1497 1063 Christianis

425 1119 579 1210 favisse,
597 1115 723 1223 ipsum
749 1131 875 1192 autem
895 1140 981 1192 vere
997 1113 1258 1194 Christianum
1284 1114 1356 1192 sub
1377 1114 1497 1220 impe·

421 1250 565 1331 ratoria
592 1273 764 1355 purpura
794 1273 838 1324 ac
866 1245 983 1323 stoico
1010 1244 1127 1350 pallio
1158 1243 1349 1323 la·tuisse¹.
1388 1245 1497 1324 Hauc

425 1379 671 1484 sententiam,
682 1377 762 1486 jam
777 1375 881 1482 apud
896 1376 1106 1456 Germanos
1121 1375 1424 1482 impugnata1n²,
1450 1376 1497 1454 de

425 1514 575 1618 integro
594 1508 765 1588 refellere
787 1505 1011 1614 aggrediar;
1029 1523 1067 1584 et
1091 1505 1236 1584 nemini
1251 1507 1426 1598 dubium,
1456 1525 1499 1585 ut

421 1669 552 1750 spero,
570 1638 774 1731 videbitur,
788 1637 885 1716 nihil
896 1637 936 1715 in
952 1639 1079 1716 Marco
1091 1637 1495 1718 Christianumiuisse.

424 1773 537 1873 Quod
553 1786 596 1850 ut
621 1769 793 1877 probem,
815 1783 896 1846 tum
916 1771 965 1846 ab
987 1767 1174 1847 Antonini
1203 1767 1295 1862 vita,
1323 1761 1388 1846 seu
1420 1769 1498 1873 pri·

423 1920 526 2000 vata,
554 1929 620 1982 seu
647 1901 813 2008 publica,
841 1917 921 1980 tum
947 1899 996 1979 ab
1020 1900 1190 2008 ejusdem
1216 1901 1368 2008 scriptis
1387 1928 1498 2008 argu·
1617 1991 1620 1996 ¹

423 2032 553 2116 menta
569 2033 805 2139 depromam.

477 2166 603 2264 Quam
617 2159 776 2241 feliciter
792 2162 840 2238 ad
859 2159 946 2238 vitae
964 2159 1083 2238 virilis
1101 2161 1409 2242 exercitationem
1425 2191 1498 2242 na-

423 2314 485 2376 tus
507 2294 621 2373 fuerit
636 2291 813 2371 Aurelius
823 2294 850 2383 ⁸,
870 2318 985 2397 quam
1002 2309 1221 2373 constanter
1234 2294 1361 2374 studio
1376 2312 1413 2373 et
1435 2324 1498 2375 vo·

421 2427 570 2508 luntate
603 2440 780 2504 naturam
811 2422 1012 2531 adjuverit,
1040 2423 1126 2532 quis
1151 2439 1209 2504 est
1237 2426 1303 2532 qui
1327 2425 1499 2506 nesciat?

422 2559 497 2640 Vix
510 2555 803 2637 adolescentiam
816 2553 1027 2660 ingressus,
1047 2553 1139 2634 adeo
1150 2583 1229 2635 non
1246 2557 1356 2664 genio
1373 2557 1498 2637 indul·

420 2690 488 2781 sit,
518 2701 717 2768 utcontra
742 2683 851 2762 humi
875 2684 1014 2762 cubare
1036 2683 1159 2777 vellet,
1188 2712 1258 2763 nec
1287 2686 1362 2764 nisi
1378 2705 1497 2766 matre

424 2821 653 2902 adhortante
675 2818 838 2898 instrato
864 2815 1029 2923 pellibus
1043 2816 1183 2896 lectulo
1200 2817 1454 2924 acquiesceret
1468 2823 1495 2896 ⁴.

422 2951 528 3033 Inter
543 2947 649 3030 urbis
664 2965 702 3026 et
714 2945 811 3026 aulae
830 2943 998 3038 delicias,
1015 2946 1143 3051 gravis
1159 2962 1197 3024 et
1217 2946 1362 3025 tristior
1380 2976 1496 3054 quam

424 3098 605 3192 parerat,
620 3079 821 3160 incedebat
836 3107 846 3169 ;
866 3078 926 3157 vel
950 3077 993 3155 in
1016 3078 1164 3157 theatro
1182 3079 1434 3186 convivioque
1452 3080 1497 3158 li·

424 3217 515 3296 bros
541 3210 752 3300 lectitabat,
786 3207 905 3286 durus
932 3205 1099 3313 prolecto
1136 3225 1174 3286 et
1205 3207 1495 3316 intempestivus

424 3346 555 3442 homo,
581 3359 623 3420 ut
636 3337 845 3420 Frontonis
862 3337 977 3417 verba
992 3364 1189 3444 usurpem,
1208 3339 1325 3418 unius
1339 3367 1385 3420 ex
1402 3341 1495 3418 ami·

465 3787 476 3830 ¹
499 3784 539 3848 A.
570 3779 724 3856 Kestucr,
745 3774 802 3838 dic
822 3781 926 3854 Aqope
953 3771 1025 3834 oder
1042 3771 1097 3834 der
1114 3771 1246 3852 qelteime
1270 3776 1426 3840 Weltbond
1442 3779 1496 3841 der

427 3886 772 3969 circummuniam,
788 3898 819 3962 p.
836 3882 896 3942 379
909 3879 941 3942 et
951 3893 1017 3958 sqq.

462 3997 532 4062 Ἠ.
557 3990 735 4070 Eicbstadt‚
758 3986 998 4051 Eoeucitott'ones
1019 3985 1255 4067 Antoninianae,
1280 3988 1311 4050 iu
1329 3987 1494 4053 Annalibus

423 4105 593 4176 Academia
603 4097 751 4175 lenensis,
765 4095 806 4157 T.
823 4108 847 4155 1.

463 4213 539 4279 ·Au
559 4222 663 4274 omnes
680 4204 807 4268 virtutes
827 4201 914 4262 natus
932 4197 1106 4279 priusquam
1127 4197 1291 4264 institutus.
1315 4197 1494 4282 (Frontonis

423 4330 455 4391 ct
463 4321 512 4390 M.
528 4313 642 4383 Aurelii
653 4307 779 4376 Caesaris
793 4303 950 4386 Epistoloe,
963 4317 1013 4382 w,
1029 4299 1072 4381 l.)

463 4429 516 4495 ⁴J.
532 4418 728 4508 Capitolinus,
743 4413 916 4480 anonimo
922 4407 1131 4492 philosophus.
