3614 5480
907 594 944 606 -
966 559 986 624 p
1007 594 1045 608 ..

444 699 567 780 derit:
584 713 711 776 utrum
726 722 771 774 ex
787 722 882 800 puro
902 694 1073 774 Porticus
1091 691 1194 772 sonte
1211 694 1442 786 manaverit;
1461 722 1510 771 an

442 858 488 909 ex
506 826 782 909 recentioribus
799 825 959 924 conflata
979 824 1188 916 elementis,
1215 844 1328 932 atque
1351 852 1397 903 ex
1413 853 1512 904 nova

440 961 826 1065 illareligionequam
836 955 1011 1035 Christus
1025 954 1514 1064 nominesuoacsanguine

441 1095 672 1200 signaverat,
697 1088 827 1166 furtim
853 1087 1021 1166 derivata
1040 1087 1102 1178 sit,
1120 1088 1340 1193 ambigitur.
1357 1090 1452 1188 Quae
1470 1089 1512 1166 in

438 1241 642 1328 utramque
657 1218 886 1298 sententiam
902 1218 1047 1325 prolata
1064 1234 1154 1296 sunt
1167 1237 1407 1325 argumenta,
1427 1218 1512 1297 dili-

437 1354 590 1462 gentius
615 1351 863 1458 perpendere,
898 1367 935 1427 et
961 1349 1080 1443 litem,
1112 1350 1144 1428 si
1170 1353 1283 1430 modo
1297 1349 1398 1444 licet,
1420 1351 1512 1429 diri-

435 1512 539 1566 mere
555 1483 650 1562 mihi
669 1481 907 1589 propositum
921 1494 992 1558 est.

486 1617 612 1716 Quam
637 1613 751 1694 hodie
782 1614 830 1691 de
862 1613 990 1690 Marco
1025 1610 1224 1690 Antonino
1258 1613 1512 1719 quaestionem

433 1748 685 1838 instituimus,
703 1744 785 1822 haec
801 1771 879 1822 non
898 1743 950 1820 ita
971 1742 1117 1848 pridem
1133 1743 1179 1822 de
1192 1743 1365 1850 Epicteto
1379 1744 1512 1851 dispu-

434 1897 514 1960 tata
530 1893 601 1958 est.
615 1875 833 1967 Nonnullis
851 1894 889 1953 et
905 1874 1133 1991 doctissimis
1149 1875 1319 1980 quidem,
1346 1874 1388 1953 in
1408 1901 1511 1953 men·

433 2029 511 2090 tem
527 2006 996 2114 veneratEpaphroditum
1007 2007 1138 2095 istum,
1156 2005 1319 2085 Neronis
1330 2005 1511 2084 libertum

433 2143 622 2222 atheram
639 2138 819 2244 Epicteti,
847 2140 1022 2217 eumdem
1041 2138 1157 2217 luisse
1181 2155 1294 2245 atque
1315 2139 1512 2246 Epaphro-

434 2274 573 2368 ditum,
600 2302 622 2351 a
638 2272 756 2352 Paulo
771 2270 1017 2360 celebratum,
1035 2297 1157 2348 unum
1172 2269 1316 2348 scilicet
1339 2298 1360 2348 e
1377 2273 1512 2377 primis

435 2407 579 2487 Christi
594 2405 797 2494 militibus,
825 2421 862 2483 et
885 2402 1103 2509 evangelica
1119 2421 1311 2508 praecepta
1326 2403 1376 2481 ab
1398 2404 1512 2483 herili

435 2567 502 2618 ore
529 2538 571 2616 in
599 2537 698 2616 servi
719 2537 861 2642 scripta
889 2534 1093 2613 delluxisse
1109 2533 1139 2612 ⁴.
1163 2534 1245 2614 lmo
1272 2535 1440 2646 plurima
1465 2564 1512 2615 ex

435 2671 610 2776 Epicteto
632 2669 673 2746 in
697 2668 865 2746 medium
879 2666 1133 2773 protulerunt,
1147 2693 1247 2774 qnae,
1263 2695 1351 2746 cnm
1368 2667 1514 2747 aChri·

437 2799 1512 2908 stianislegibusnonomninorecederent,abipsoChristi

438 2935 575 3042 spiritu
606 2932 837 3042 philosopho
866 2949 1044 3038 suggesta
1074 2930 1191 3010 fnisse
1216 2933 1511 3012 contenderunt.

437 3071 609 3170 Quorum
619 3066 817 3146 sententiae
829 3062 1059 3171 patrocinari
1075 3064 1274 3143 videbatur
1285 3065 1409 3144 Caroli
1423 3067 1513 3144 Bor·

438 3201 569 3280 romaei
585 3197 805 3288 auctoritas,
834 3195 900 3303 qui
924 3221 1056 3274 senon
1076 3196 1207 3288 semel,
1225 3197 1443 3304 Epictetum
1461 3199 1512 3277 le-

440 3333 578 3440 gendo,
596 3333 644 3412 ad
663 3331 852 3408 humanas
865 3355 924 3406 res
935 3329 1235 3408 contemnendas
1250 3330 1384 3410 fortem
1399 3347 1513 3438 atque

441 3467 602 3544 alacrem
634 3462 800 3542 evasisse
816 3461 1012 3540 confessus
1036 3468 1127 3540 est².
1153 3460 1390 3566 Augustinus
1413 3464 1509 3569 ipse,

439 3597 599 3706 Epicteti
610 3596 1006 3701 virtutecaptns,eum
1038 3593 1141 3672 inter
1155 3591 1512 3678 felicitatisaeternae

442 3746 636 3824 consortes
663 3728 850 3806 adscitum
876 3742 1084 3834 optaverat.
1120 3725 1301 3805 Attamen
1334 3726 1435 3806 hanc
1465 3731 1513 3808 de

483 4076 548 4138 ¹A.
579 4075 762 4153 Berlrelius,
793 4077 913 4154 Proefut
942 4075 976 4135 iu
1004 4075 1127 4153 Epictet.
1152 4107 1190 4118 -
1211 4071 1253 4137 G.
1277 4071 1412 4155 Salden,
1445 4081 1513 4140 Otia

437 4183 566 4263 theolop.
584 4217 621 4228 -
638 4180 717 4243 Dan.
734 4179 858 4258 lllt'rller,
874 4187 917 4239 Dc
930 4180 1057 4258 Epicteti
1071 4178 1310 4241 christianismo.

475 4287 531 4352 Ἰ.
558 4287 696 4370 Lipsius,
721 4286 921 4350 htaouductio
941 4285 983 4348 ad
1004 4285 1132 4350 sutram
1150 4285 1383 4370 philosophiam,
1404 4289 1455 4354 lib.
1478 4307 1510 4370 1,

437 4395 553 4461 dissert.
572 4395 620 4458 tr.
