3614 5480
905 576 943 588 ..
965 541 1005 606 30
1025 577 1066 590 ..

441 701 557 780 quam
583 674 779 763 maturuit,
809 699 854 752 ex
879 674 1015 754 arbore
1039 674 1139 754 ultro
1163 675 1301 756 decidit
1316 685 1342 754 ¹,
1368 678 1426 756 De
1447 677 1519 756 hac

444 805 1173 914 quaestione,anhominiliceatmortem
1186 805 1517 900 sibiconsciscere,

444 965 523 1017 non
550 937 671 1042 magis
697 935 838 1016 dubius
862 953 920 1016 est
941 964 1058 1043 quam
1084 936 1256 1016 Seneca²
1281 955 1348 1016 aut
1372 939 1520 1044 Epicte-

445 1074 527 1149 tus³
545 1098 554 1148 :
577 1067 800 1168 «Quamdiu
816 1068 977 1148 honeste
990 1084 1113 1176 potes,
1131 1096 1247 1176 perge
1262 1068 1415 1163 vivere3
1434 1089 1473 1149 at
1488 1072 1520 1151 si

445 1201 540 1312 quid
566 1201 725 1307 impedit
755 1228 804 1279 ne
830 1200 949 1279 libere
963 1216 999 1279 et
1016 1221 1163 1282 naturae
1180 1204 1453 1283 convenienter
1468 1204 1521 1283 vi·

446 1334 618 1428 vas,uita
632 1333 904 1414 exeaslicet⁴.›
925 1333 1001 1433 Qui
1023 1361 1113 1416 vero
1126 1335 1204 1414 vita
1219 1337 1383 1417 exeundi
1403 1337 1520 1416 licen-

445 1468 538 1547 tiam
560 1465 791 1573 philosopho
812 1465 1019 1557 concessit,
1053 1465 1086 1544 is
1121 1465 1353 1548 Christianis
1387 1495 1522 1575 expro-

445 1599 547 1692 brat,
572 1602 676 1708 quod
696 1615 858 1678 mortem
875 1623 945 1704 pro
960 1625 1030 1677 sua
1047 1596 1231 1706 religione
1243 1599 1406 1680 libenter
1421 1602 1521 1681 exci-

445 1731 568 1839 piant.
579 1731 624 1810 ln
644 1757 709 1810 eos
723 1729 933 1821 invehitur,
948 1747 1133 1838 tanquam
1147 1730 1189 1808 in
1205 1730 1469 1840 imprudentes
1485 1749 1525 1813 et

445 1864 722 1971 incompositos
737 1861 891 1954 milites,
901 1862 967 1970 qui
981 1878 1088 1942 extra
1098 1863 1272 1942 ordinem
1284 1881 1523 1971 pugnant,et

446 1999 495 2076 ad
509 2011 669 2074 mortem
689 2011 809 2073 ruunt
824 1993 1006 2073 obstinati
1023 1998 1049 2074 ⁵.
1066 1993 1216 2093 Quibus
1226 2021 1273 2073 ex
1287 1995 1413 2075 verbis
1428 1994 1521 2076 satis

446 2153 636 2234 superque
661 2125 858 2233 probatur,
886 2142 1123 2232 quantopere
1146 2125 1330 2205 aChristi
1345 2124 1520 2206 doctrina

443 2259 594 2340 Marcus
603 2256 858 2349 abhorruerit,
871 2274 909 2336 et
919 2283 1035 2364 quam
1046 2256 1175 2364 plane,
1188 2255 1314 2364 qualis
1323 2274 1424 2338 esset
1434 2267 1521 2338 uere

445 2390 704 2480 Christianus,
723 2389 972 2495 ignoraverit.

498 2523 601 2624 Quid
622 2540 747 2601 nutem
761 2537 850 2627 post
869 2521 987 2600 vitam
1006 2521 1053 2598 de
1076 2520 1233 2600 homine
1251 2519 1421 2601 futurum
1438 2520 1522 2602 estt

445 2654 517 2736 llic
539 2681 640 2734 nova
659 2652 899 2733 Christianos
912 2652 1013 2733 inter
1025 2668 1062 2731 et
1076 2653 1238 2732 stoicum
1252 2653 1519 2759 imperatorem

445 2786 597 2868 discidii
613 2785 805 2864 materies..
817 2783 923 2864 Nihil
938 2782 1042 2863 aliud
1054 2784 1166 2875 mori,
1182 2811 1228 2862 ex
1239 2785 1356 2864 Marci
1372 2800 1523 2864 senten·

446 2919 514 3010 tia,
540 2919 616 2998 nisi
637 2945 758 2998 unum
781 2916 971 2996 extribus
995 2944 1004 2995 :
1027 2915 1109 2995 sive
1131 2915 1292 2996 omnino
1313 2917 1519 3023 exstingui,

442 3052 527 3130 sive
541 3051 582 3131 in
597 3068 743 3129 atomos
761 3046 820 3128 vel
838 3047 879 3125 in
895 3046 1024 3153 priora
1038 3046 1160 3154 redigi
1176 3047 1364 3127 elementa
1378 3053 1405 3126 ⁶.
1425 3047 1522 3128 Cum

446 3181 554 3262 nulla
577 3209 637 3260 res
659 3184 699 3258 in
715 3179 860 3258 mundo
877 3194 1001 3258 exstet
1014 3205 1135 3285 quaea
1153 3179 1276 3259 nihilo
1290 3197 1373 3259 orta
1390 3179 1518 3272 fuerit,

484 3547 496 3590 ί
512 3544 558 3610 Μ.
575 3543 722 3608 Antonin.
741 3555 791 3620 tv,
803 3542 851 3606 ts.

478 3661 496 3694 ·¹
507 3650 618 3716 ‘Senec
636 3650 734 3729 Epist.
748 3652 798 3711 70.

481 3769 497 3800 ⁸
509 3757 633 3822 Arrian.
649 3756 748 3835 σφίσι.
762 3769 802 3832 ιι,
817 3755 867 3816 16.

484 3861 557 3928 ⁴M.
573 3861 721 3926 Antonin.
737 3875 773 3940 ν,
788 3864 838 3924 29.

485 3979 544 4030 ’Τὸ
562 3971 592 4030 δὲ
603 3973 705 4047 ἕτοιμον
718 3977 808 4044 τοῦτο,
822 3971 866 4026 ἶνα
885 3968 938 4025 ἀπὸ
954 3966 1038 4032 ἶδιιιῆς
1050 3974 1157 4045 κρίσεως
1171 3972 1295 4048 ἔρχηται,
1311 3973 1426 4047 μὴκατὰ
1442 3968 1521 4044 ψιλὴν

444 4079 605 4157 παράταξιν,
618 4078 652 4139 ὡς
670 4079 694 4130 οἱ
712 4078 878 4152 Χριστιανοὶ,
896 4072 964 4128 ἀλλὰ
982 4073 1181 4150 λελογισμένως,
1199 4081 1244 4131 καὶ
1266 4083 1378 4152 σεμνῶς,
1397 4080 1441 4132 καὶ
1454 4078 1521 4131 ὥστε

444 4191 491 4242 acl
505 4185 584 4240 ἄλλον
594 4188 697 4253 πεῖσαι,
712 4175 878 4256 ἁτραγῴδως.
894 4171 954 4253 (Μ.
967 4173 1084 4236 Aulon.
1098 4189 1150 4252 Xl,
1166 4173 1212 4256 3.)

486 4295 501 4326 ⁸
513 4293 575 4366 nupt
587 4289 713 4344 θανάτου·
726 4285 758 4340 Ei
776 4281 937 4359 σκιδασμός,
949 4283 964 4345 ἦ
978 4285 1083 4362 ἄτομοι,
1096 4285 1111 4348 i
1124 4289 1242 4363 κένωσις,
1255 4291 1313 4349 ἤτοι
1332 4287 1433 4364 odiose,
1449 4286 1508 4362 ἡμε

446 4402 586 4460 τὰστασις.
602 4387 661 4471 (Μ.
679 4386 792 4452 rinion.
807 4401 864 4466 vu,
882 4385 946 4466 32.)
