<?xml version="1.0" encoding="UTF-8"?>
<!DOCTYPE html PUBLIC "-//W3C//DTD XHTML 1.0 Transitional//EN"
    "http://www.w3.org/TR/xhtml1/DTD/xhtml1-transitional.dtd">
<html xmlns="http://www.w3.org/1999/xhtml" xml:lang="en" lang="en">
 <head>
  <title>
</title>
<meta http-equiv="Content-Type" content="text/html;charset=utf-8" />
  <meta name='ocr-system' content='tesseract 3.04.00' />
  <meta name='ocr-capabilities' content='ocr_page ocr_carea ocr_par ocr_line ocrx_word'/>
</head>
<body>
  <div class='ocr_page' id='page_1' title='image "anstoicamaanton00filogoog_0019.png"; bbox 0 0 3614 5480; ppageno 0'>
   <div class='ocr_carea' id='block_1_1' title="bbox 368 573 1524 3338">
    <p class='ocr_par' dir='ltr' id='par_1_1' title="bbox 837 573 975 641">
     <span class='ocr_line' id='line_1_1' title="bbox 837 573 975 641; baseline 0.022 -18"><span class='ocrx_word' id='word_1_1' title='bbox 837 610 875 623; x_wconf 90' lang='lat'><strong>..</strong></span> <span class='ocrx_word' id='word_1_2' title='bbox 896 573 915 641; x_wconf 73' lang='lat'><strong>3</strong></span> <span class='ocrx_word' id='word_1_3' title='bbox 936 611 975 626; x_wconf 79' lang='grc'>-</span> 
     </span>
    </p>

    <p class='ocr_par' dir='ltr' id='par_1_2' title="bbox 368 699 1445 1455">
     <span class='ocr_line' id='line_1_2' title="bbox 368 699 1443 820; baseline 0.006 -32"><span class='ocrx_word' id='word_1_4' title='bbox 368 699 508 790; x_wconf 80' lang='lat' dir='ltr'><strong>festum</strong></span> <span class='ocrx_word' id='word_1_5' title='bbox 528 726 603 803; x_wconf 92' lang='lat' dir='ltr'><strong>est,</strong></span> <span class='ocrx_word' id='word_1_6' title='bbox 623 710 821 790; x_wconf 77' lang='lat' dir='ltr'><strong>daemonas</strong></span> <span class='ocrx_word' id='word_1_7' title='bbox 844 712 1018 820; x_wconf 87' lang='lat' dir='ltr'><strong>adjurare</strong></span> <span class='ocrx_word' id='word_1_8' title='bbox 1041 721 1354 809; x_wconf 86' lang='lat' dir='ltr'><strong>consueverant¹,</strong></span> <span class='ocrx_word' id='word_1_9' title='bbox 1382 716 1443 795; x_wconf 85' lang='lat' dir='ltr'><strong>vel</strong></span> 
     </span>
     <span class='ocr_line' id='line_1_3' title="bbox 370 843 1444 955; baseline 0.005 -33"><span class='ocrx_word' id='word_1_10' title='bbox 370 845 418 922; x_wconf 90' lang='lat' dir='ltr'><strong>ad</strong></span> <span class='ocrx_word' id='word_1_11' title='bbox 431 859 615 922; x_wconf 83' lang='lat' dir='ltr'><strong>secretam</strong></span> <span class='ocrx_word' id='word_1_12' title='bbox 629 843 917 951; x_wconf 82' lang='lat' dir='ltr'><strong>haruspicinam</strong></span> <span class='ocrx_word' id='word_1_13' title='bbox 930 872 1046 952; x_wconf 91' lang='lat' dir='ltr'><strong>quam</strong></span> <span class='ocrx_word' id='word_1_14' title='bbox 1059 845 1235 926; x_wconf 83' lang='lat' dir='ltr'><strong>Tiberius</strong></span> <span class='ocrx_word' id='word_1_15' title='bbox 1249 846 1342 926; x_wconf 94' lang='lat' dir='ltr'><strong>olim</strong></span> <span class='ocrx_word' id='word_1_16' title='bbox 1357 876 1444 955; x_wconf 88' lang='lat' dir='ltr'><strong>pro·</strong></span> 
     </span>
     <span class='ocr_line' id='line_1_4' title="bbox 369 975 1444 1087; baseline 0.007 -35"><span class='ocrx_word' id='word_1_17' title='bbox 369 975 584 1067; x_wconf 83' lang='lat' dir='ltr'><strong>hihnerat²,</strong></span> <span class='ocrx_word' id='word_1_18' title='bbox 605 1003 683 1054; x_wconf 94' lang='lat' dir='ltr'><strong>non</strong></span> <span class='ocrx_word' id='word_1_19' title='bbox 707 992 808 1055; x_wconf 90' lang='lat' dir='ltr'><strong>certe</strong></span> <span class='ocrx_word' id='word_1_20' title='bbox 831 978 879 1056; x_wconf 90' lang='lat' dir='ltr'><strong>ad</strong></span> <span class='ocrx_word' id='word_1_21' title='bbox 894 977 1064 1085; x_wconf 89' lang='lat' dir='ltr'><strong>auspicia</strong></span> <span class='ocrx_word' id='word_1_22' title='bbox 1084 977 1217 1058; x_wconf 86' lang='lat' dir='ltr'><strong>Romae</strong></span> <span class='ocrx_word' id='word_1_23' title='bbox 1232 980 1386 1087; x_wconf 90' lang='lat' dir='ltr'><strong>publica</strong></span> <span class='ocrx_word' id='word_1_24' title='bbox 1406 996 1444 1060; x_wconf 88' lang='lat' dir='ltr'><strong>et</strong></span> 
     </span>
     <span class='ocr_line' id='line_1_5' title="bbox 370 1107 1445 1217; baseline 0.004 -29"><span class='ocrx_word' id='word_1_25' title='bbox 370 1109 612 1190; x_wconf 88' lang='lat' dir='ltr'><strong>caerimonias</strong></span> <span class='ocrx_word' id='word_1_26' title='bbox 624 1107 838 1217; x_wconf 89' lang='lat' dir='ltr'><strong>antiquitus</strong></span> <span class='ocrx_word' id='word_1_27' title='bbox 850 1109 1227 1210; x_wconf 79' lang='lat' dir='ltr'><strong>usitatasQuienim</strong></span> <span class='ocrx_word' id='word_1_28' title='bbox 1240 1139 1282 1190; x_wconf 90' lang='lat' dir='ltr'><strong>ea</strong></span> <span class='ocrx_word' id='word_1_29' title='bbox 1292 1111 1445 1192; x_wconf 87' lang='lat' dir='ltr'><strong>Marcus</strong></span> 
     </span>
     <span class='ocr_line' id='line_1_6' title="bbox 371 1241 1439 1351; baseline 0 -29"><span class='ocrx_word' id='word_1_30' title='bbox 371 1243 604 1333; x_wconf 83' lang='lat' dir='ltr'><strong>sustulisset,</strong></span> <span class='ocrx_word' id='word_1_31' title='bbox 627 1267 713 1349; x_wconf 83' lang='lat' dir='ltr'><strong>quae</strong></span> <span class='ocrx_word' id='word_1_32' title='bbox 738 1269 787 1320; x_wconf 91' lang='lat' dir='ltr'><strong>ne</strong></span> <span class='ocrx_word' id='word_1_33' title='bbox 808 1241 1084 1323; x_wconf 85' lang='lat' dir='ltr'><strong>Constantinus</strong></span> <span class='ocrx_word' id='word_1_34' title='bbox 1109 1244 1264 1351; x_wconf 89' lang='lat' dir='ltr'><strong>quidem</strong></span> <span class='ocrx_word' id='word_1_35' title='bbox 1287 1244 1439 1337; x_wconf 91' lang='lat' dir='ltr'><strong>delevit,</strong></span> 
     </span>
     <span class='ocr_line' id='line_1_7' title="bbox 372 1373 1129 1455; baseline -0.003 -1"><span class='ocrx_word' id='word_1_36' title='bbox 372 1373 678 1454; x_wconf 86' lang='lat' dir='ltr'><strong>Christianorum</strong></span> <span class='ocrx_word' id='word_1_37' title='bbox 694 1373 875 1453; x_wconf 90' lang='lat' dir='ltr'><strong>liberator</strong></span> <span class='ocrx_word' id='word_1_38' title='bbox 890 1389 927 1453; x_wconf 90' lang='lat' dir='ltr'><strong>et</strong></span> <span class='ocrx_word' id='word_1_39' title='bbox 943 1375 1083 1455; x_wconf 84' lang='lat' dir='ltr'><strong>vindex</strong></span> <span class='ocrx_word' id='word_1_40' title='bbox 1093 1374 1129 1452; x_wconf 81' lang='lat'><strong>³?</strong></span> 
     </span>
    </p>

    <p class='ocr_par' dir='ltr' id='par_1_3' title="bbox 372 1505 1524 3338">
     <span class='ocr_line' id='line_1_8' title="bbox 425 1505 1445 1613; baseline 0.003 -28"><span class='ocrx_word' id='word_1_41' title='bbox 425 1508 620 1585; x_wconf 85' lang='lat' dir='ltr'><strong>Hactenus</strong></span> <span class='ocrx_word' id='word_1_42' title='bbox 653 1507 701 1586; x_wconf 91' lang='lat' dir='ltr'><strong>de</strong></span> <span class='ocrx_word' id='word_1_43' title='bbox 733 1506 898 1585; x_wconf 88' lang='lat' dir='ltr'><strong>Ethnico</strong></span> <span class='ocrx_word' id='word_1_44' title='bbox 926 1507 1171 1613; x_wconf 83' lang='lat' dir='ltr'><strong>imperatore.</strong></span> <span class='ocrx_word' id='word_1_45' title='bbox 1205 1505 1255 1586; x_wconf 78' lang='lat' dir='ltr'><strong>ht</strong></span> <span class='ocrx_word' id='word_1_46' title='bbox 1285 1505 1445 1588; x_wconf 87' lang='lat' dir='ltr'><strong>fortasse</strong></span> 
     </span>
     <span class='ocr_line' id='line_1_9' title="bbox 372 1638 1445 1748; baseline 0 -30"><span class='ocrx_word' id='word_1_47' title='bbox 372 1639 471 1718; x_wconf 92' lang='lat' dir='ltr'><strong>dicet</strong></span> <span class='ocrx_word' id='word_1_48' title='bbox 488 1639 625 1746; x_wconf 86' lang='lat' dir='ltr'><strong>aliquis</strong></span> <span class='ocrx_word' id='word_1_49' title='bbox 643 1641 882 1748; x_wconf 88' lang='lat' dir='ltr'><strong>:Purpuram</strong></span> <span class='ocrx_word' id='word_1_50' title='bbox 896 1639 1067 1736; x_wconf 86' lang='lat' dir='ltr'><strong>detrahe,</strong></span> <span class='ocrx_word' id='word_1_51' title='bbox 1083 1655 1120 1719; x_wconf 92' lang='lat' dir='ltr'><strong>et</strong></span> <span class='ocrx_word' id='word_1_52' title='bbox 1133 1638 1307 1718; x_wconf 88' lang='lat' dir='ltr'><strong>invenies</strong></span> <span class='ocrx_word' id='word_1_53' title='bbox 1321 1639 1445 1746; x_wconf 91' lang='lat' dir='ltr'><strong>philo·</strong></span> 
     </span>
     <span class='ocr_line' id='line_1_10' title="bbox 373 1770 1446 1881; baseline -0.002 -29"><span class='ocrx_word' id='word_1_54' title='bbox 373 1772 539 1880; x_wconf 85' lang='lat' dir='ltr'><strong>sophum</strong></span> <span class='ocrx_word' id='word_1_55' title='bbox 574 1773 794 1852; x_wconf 91' lang='lat' dir='ltr'><strong>Christiano</strong></span> <span class='ocrx_word' id='word_1_56' title='bbox 820 1773 990 1878; x_wconf 84' lang='lat' dir='ltr'><strong>dogmati</strong></span> <span class='ocrx_word' id='word_1_57' title='bbox 1016 1772 1250 1881; x_wconf 91' lang='lat' dir='ltr'><strong>proximum.</strong></span> <span class='ocrx_word' id='word_1_58' title='bbox 1286 1770 1446 1851; x_wconf 85' lang='lat' dir='ltr'><strong>Constat</strong></span> 
     </span>
     <span class='ocr_line' id='line_1_11' title="bbox 372 1904 1445 2013; baseline 0.001 -29"><span class='ocrx_word' id='word_1_59' title='bbox 372 1905 476 1984; x_wconf 92' lang='lat' dir='ltr'><strong>enim</strong></span> <span class='ocrx_word' id='word_1_60' title='bbox 490 1906 731 1985; x_wconf 85' lang='lat' dir='ltr'><strong>Antoninum</strong></span> <span class='ocrx_word' id='word_1_61' title='bbox 750 1905 928 1984; x_wconf 89' lang='lat' dir='ltr'><strong>ateneris</strong></span> <span class='ocrx_word' id='word_1_62' title='bbox 939 1904 1194 2013; x_wconf 87' lang='lat' dir='ltr'><strong>philosophiae</strong></span> <span class='ocrx_word' id='word_1_63' title='bbox 1207 1905 1445 1998; x_wconf 90' lang='lat' dir='ltr'><strong>incubuisse,</strong></span> 
     </span>
     <span class='ocr_line' id='line_1_12' title="bbox 373 2036 1446 2146; baseline 0.002 -31"><span class='ocrx_word' id='word_1_64' title='bbox 373 2053 411 2116; x_wconf 92' lang='lat' dir='ltr'><strong>et</strong></span> <span class='ocrx_word' id='word_1_65' title='bbox 433 2038 608 2118; x_wconf 88' lang='lat' dir='ltr'><strong>Graecum</strong></span> <span class='ocrx_word' id='word_1_66' title='bbox 631 2038 791 2146; x_wconf 89' lang='lat' dir='ltr'><strong>pallium</strong></span> <span class='ocrx_word' id='word_1_67' title='bbox 814 2039 1039 2145; x_wconf 91' lang='lat' dir='ltr'><strong>priusquam</strong></span> <span class='ocrx_word' id='word_1_68' title='bbox 1066 2036 1216 2118; x_wconf 83' lang='lat' dir='ltr'><strong>uirilem</strong></span> <span class='ocrx_word' id='word_1_69' title='bbox 1234 2054 1363 2145; x_wconf 89' lang='lat' dir='ltr'><strong>togam</strong></span> <span class='ocrx_word' id='word_1_70' title='bbox 1387 2038 1446 2117; x_wconf 94' lang='lat' dir='ltr'><strong>in·</strong></span> 
     </span>
     <span class='ocr_line' id='line_1_13' title="bbox 374 2169 1449 2276; baseline 0.003 -28"><span class='ocrx_word' id='word_1_71' title='bbox 374 2169 539 2249; x_wconf 80' lang='lat' dir='ltr'><strong>duisse⁴.</strong></span> <span class='ocrx_word' id='word_1_72' title='bbox 554 2171 740 2262; x_wconf 93' lang='lat' dir='ltr'><strong>Primum,</strong></span> <span class='ocrx_word' id='word_1_73' title='bbox 758 2169 829 2248; x_wconf 92' lang='lat' dir='ltr'><strong>suh</strong></span> <span class='ocrx_word' id='word_1_74' title='bbox 842 2169 1000 2249; x_wconf 92' lang='lat' dir='ltr'><strong>Claudio</strong></span> <span class='ocrx_word' id='word_1_75' title='bbox 1013 2170 1167 2260; x_wconf 87' lang='lat' dir='ltr'><strong>Severo,</strong></span> <span class='ocrx_word' id='word_1_76' title='bbox 1183 2169 1449 2276; x_wconf 84' lang='lat' dir='ltr'><strong>peripateticae</strong></span> 
     </span>
     <span class='ocr_line' id='line_1_14' title="bbox 373 2301 1524 2411; baseline -0.001 -29"><span class='ocrx_word' id='word_1_77' title='bbox 373 2302 558 2382; x_wconf 89' lang='lat' dir='ltr'><strong>doctrinae</strong></span> <span class='ocrx_word' id='word_1_78' title='bbox 580 2301 744 2382; x_wconf 89' lang='lat' dir='ltr'><strong>studuit.</strong></span> <span class='ocrx_word' id='word_1_79' title='bbox 770 2301 936 2394; x_wconf 85' lang='lat' dir='ltr'><strong>Deinde,</strong></span> <span class='ocrx_word' id='word_1_80' title='bbox 965 2329 1085 2409; x_wconf 92' lang='lat' dir='ltr'><strong>quum</strong></span> <span class='ocrx_word' id='word_1_81' title='bbox 1111 2301 1153 2379; x_wconf 94' lang='lat' dir='ltr'><strong>in</strong></span> <span class='ocrx_word' id='word_1_82' title='bbox 1179 2302 1298 2381; x_wconf 91' lang='lat' dir='ltr'><strong>stoica</strong></span> <span class='ocrx_word' id='word_1_83' title='bbox 1323 2301 1446 2411; x_wconf 89' lang='lat' dir='ltr'><strong>magis</strong></span> <span class='ocrx_word' id='word_1_84' title='bbox 1522 2317 1524 2322; x_wconf 86' lang='lat'>&#39;</span> 
     </span>
     <span class='ocr_line' id='line_1_15' title="bbox 376 2432 1448 2542; baseline 0.001 -28"><span class='ocrx_word' id='word_1_85' title='bbox 376 2432 616 2542; x_wconf 86' lang='lat' dir='ltr'><strong>profecisset,</strong></span> <span class='ocrx_word' id='word_1_86' title='bbox 634 2433 891 2512; x_wconf 84' lang='lat' dir='ltr'><strong>celeberrimis</strong></span> <span class='ocrx_word' id='word_1_87' title='bbox 905 2461 1001 2512; x_wconf 91' lang='lat' dir='ltr'><strong>usus</strong></span> <span class='ocrx_word' id='word_1_88' title='bbox 1015 2433 1226 2539; x_wconf 83' lang='lat' dir='ltr'><strong>magistris,</strong></span> <span class='ocrx_word' id='word_1_89' title='bbox 1243 2433 1448 2542; x_wconf 79' lang='lat' dir='ltr'><strong>Apollonio</strong></span> 
     </span>
     <span class='ocr_line' id='line_1_16' title="bbox 375 2565 1444 2674; baseline 0.001 -28"><span class='ocrx_word' id='word_1_90' title='bbox 375 2566 613 2658; x_wconf 86' lang='lat' dir='ltr'><strong>Chalcidico,</strong></span> <span class='ocrx_word' id='word_1_91' title='bbox 643 2565 755 2648; x_wconf 88' lang='lat' dir='ltr'><strong>Sexto</strong></span> <span class='ocrx_word' id='word_1_92' title='bbox 785 2565 1027 2662; x_wconf 84' lang='lat' dir='ltr'><strong>Chaeronaeo,</strong></span> <span class='ocrx_word' id='word_1_93' title='bbox 1060 2567 1256 2647; x_wconf 89' lang='lat' dir='ltr'><strong>Plutarchi</strong></span> <span class='ocrx_word' id='word_1_94' title='bbox 1285 2584 1444 2674; x_wconf 92' lang='lat' dir='ltr'><strong>nepote,</strong></span> 
     </span>
     <span class='ocr_line' id='line_1_17' title="bbox 375 2698 1448 2793; baseline -0.004 -11"><span class='ocrx_word' id='word_1_95' title='bbox 375 2699 491 2782; x_wconf 85' lang='lat' dir='ltr'><strong>lunio</strong></span> <span class='ocrx_word' id='word_1_96' title='bbox 508 2700 682 2793; x_wconf 88' lang='lat' dir='ltr'><strong>Rustico,</strong></span> <span class='ocrx_word' id='word_1_97' title='bbox 702 2699 860 2779; x_wconf 90' lang='lat' dir='ltr'><strong>Claudio</strong></span> <span class='ocrx_word' id='word_1_98' title='bbox 881 2699 1049 2778; x_wconf 88' lang='lat' dir='ltr'><strong>Maximo</strong></span> <span class='ocrx_word' id='word_1_99' title='bbox 1068 2715 1105 2780; x_wconf 91' lang='lat' dir='ltr'><strong>et</strong></span> <span class='ocrx_word' id='word_1_100' title='bbox 1129 2698 1253 2778; x_wconf 87' lang='lat' dir='ltr'><strong>Cinna</strong></span> <span class='ocrx_word' id='word_1_101' title='bbox 1272 2700 1448 2792; x_wconf 81' lang='lat' dir='ltr'><strong>Catulo⁵,</strong></span> 
     </span>
     <span class='ocr_line' id='line_1_18' title="bbox 376 2808 1448 2941; baseline 0 -29"><span class='ocrx_word' id='word_1_102' title='bbox 376 2833 478 2912; x_wconf 90' lang='lat' dir='ltr'><strong>hanc</strong></span> <span class='ocrx_word' id='word_1_103' title='bbox 492 2833 662 2914; x_wconf 88' lang='lat' dir='ltr'><strong>scholam</strong></span> <span class='ocrx_word' id='word_1_104' title='bbox 680 2808 921 2941; x_wconf 89' lang='lat' dir='ltr'><strong>potissimum</strong></span> <span class='ocrx_word' id='word_1_105' title='bbox 936 2849 1087 2912; x_wconf 87' lang='lat' dir='ltr'><strong>secutus</strong></span> <span class='ocrx_word' id='word_1_106' title='bbox 1102 2848 1171 2924; x_wconf 92' lang='lat' dir='ltr'><strong>est,</strong></span> <span class='ocrx_word' id='word_1_107' title='bbox 1193 2833 1256 2910; x_wconf 93' lang='lat' dir='ltr'><strong>cui</strong></span> <span class='ocrx_word' id='word_1_108' title='bbox 1277 2833 1448 2938; x_wconf 89' lang='lat' dir='ltr'><strong>optimus</strong></span> 
     </span>
     <span class='ocr_line' id='line_1_19' title="bbox 378 2965 1449 3074; baseline 0 -30"><span class='ocrx_word' id='word_1_109' title='bbox 378 2966 612 3074; x_wconf 89' lang='lat' dir='ltr'><strong>quisque,ah</strong></span> <span class='ocrx_word' id='word_1_110' title='bbox 624 2966 812 3046; x_wconf 84' lang='lat' dir='ltr'><strong>exstincta</strong></span> <span class='ocrx_word' id='word_1_111' title='bbox 823 2966 1106 3058; x_wconf 89' lang='lat' dir='ltr'><strong>libertate,sese</strong></span> <span class='ocrx_word' id='word_1_112' title='bbox 1115 2965 1449 3044; x_wconf 76' lang='lat' dir='ltr'><strong>addixeratllrrat</strong></span> 
     </span>
     <span class='ocr_line' id='line_1_20' title="bbox 380 3097 1450 3207; baseline 0 -29"><span class='ocrx_word' id='word_1_113' title='bbox 380 3125 486 3193; x_wconf 83' lang='lat' dir='ltr'><strong>uero,</strong></span> <span class='ocrx_word' id='word_1_114' title='bbox 502 3115 546 3179; x_wconf 90' lang='lat' dir='ltr'><strong>ut</strong></span> <span class='ocrx_word' id='word_1_115' title='bbox 562 3100 714 3205; x_wconf 89' lang='lat' dir='ltr'><strong>opinor,</strong></span> <span class='ocrx_word' id='word_1_116' title='bbox 731 3097 798 3207; x_wconf 90' lang='lat' dir='ltr'><strong>qui</strong></span> <span class='ocrx_word' id='word_1_117' title='bbox 818 3099 1010 3178; x_wconf 85' lang='lat' dir='ltr'><strong>existimat</strong></span> <span class='ocrx_word' id='word_1_118' title='bbox 1025 3098 1180 3177; x_wconf 92' lang='lat' dir='ltr'><strong>stoicam</strong></span> <span class='ocrx_word' id='word_1_119' title='bbox 1199 3099 1300 3178; x_wconf 90' lang='lat' dir='ltr'><strong>inter</strong></span> <span class='ocrx_word' id='word_1_120' title='bbox 1313 3099 1450 3178; x_wconf 90' lang='lat' dir='ltr'><strong>doctri·</strong></span> 
     </span>
     <span class='ocr_line' id='line_1_21' title="bbox 377 3229 1447 3338; baseline 0.001 -29"><span class='ocrx_word' id='word_1_121' title='bbox 377 3247 469 3310; x_wconf 86' lang='lat' dir='ltr'><strong>narn</strong></span> <span class='ocrx_word' id='word_1_122' title='bbox 482 3246 522 3310; x_wconf 89' lang='lat' dir='ltr'><strong>et</strong></span> <span class='ocrx_word' id='word_1_123' title='bbox 535 3229 796 3310; x_wconf 89' lang='lat' dir='ltr'><strong>Christianam</strong></span> <span class='ocrx_word' id='word_1_124' title='bbox 810 3230 1002 3337; x_wconf 89' lang='lat' dir='ltr'><strong>quoddam</strong></span> <span class='ocrx_word' id='word_1_125' title='bbox 1014 3255 1098 3310; x_wconf 92' lang='lat' dir='ltr'><strong>esse</strong></span> <span class='ocrx_word' id='word_1_126' title='bbox 1111 3231 1351 3338; x_wconf 85' lang='lat' dir='ltr'><strong>cognationis</strong></span> <span class='ocrx_word' id='word_1_127' title='bbox 1364 3231 1447 3311; x_wconf 86' lang='lat' dir='ltr'><strong>vin·</strong></span> 
     </span>
    </p>
   </div>
   <div class='ocr_carea' id='block_1_2' title="bbox 381 3585 1448 3881">
    <p class='ocr_par' dir='ltr' id='par_1_4' title="bbox 381 3558 1448 3881">
     <span class='ocr_line' id='line_1_22' title="bbox 420 3585 893 3668; baseline -0.006 -14"><span class='ocrx_word' id='word_1_128' title='bbox 420 3590 431 3634; x_wconf 88' lang='lat'><strong>¹</strong></span> <span class='ocrx_word' id='word_1_129' title='bbox 444 3585 827 3668; x_wconf 49' lang='lat' dir='ltr'><strong>Tertullianusmpoloqet.</strong></span> <span class='ocrx_word' id='word_1_130' title='bbox 842 3589 893 3652; x_wconf 76' lang='lat'><strong>32,</strong></span> 
     </span>
     <span class='ocr_line' id='line_1_23' title="bbox 387 3687 1448 3777; baseline -0.002 -18"><span class='ocrx_word' id='word_1_131' title='bbox 387 3709 389 3713; x_wconf 72' lang='grc'>’</span> <span class='ocrx_word' id='word_1_132' title='bbox 417 3693 626 3777; x_wconf 72' lang='lat' dir='ltr'><strong>‘Haruspices</strong></span> <span class='ocrx_word' id='word_1_133' title='bbox 644 3695 764 3757; x_wconf 83' lang='lat' dir='ltr'><strong>secreto</strong></span> <span class='ocrx_word' id='word_1_134' title='bbox 785 3707 820 3756; x_wconf 91' lang='lat' dir='ltr'><strong>ac</strong></span> <span class='ocrx_word' id='word_1_135' title='bbox 840 3693 905 3756; x_wconf 88' lang='lat' dir='ltr'><strong>sine</strong></span> <span class='ocrx_word' id='word_1_136' title='bbox 921 3689 1046 3756; x_wconf 83' lang='lat' dir='ltr'><strong>testibus</strong></span> <span class='ocrx_word' id='word_1_137' title='bbox 1065 3691 1181 3756; x_wconf 87' lang='lat' dir='ltr'><strong>consuli</strong></span> <span class='ocrx_word' id='word_1_138' title='bbox 1202 3692 1308 3758; x_wconf 82' lang='lat' dir='ltr'><strong>uetuit.</strong></span> <span class='ocrx_word' id='word_1_139' title='bbox 1321 3692 1333 3774; x_wconf 93' lang='lat'>(</span> <span class='ocrx_word' id='word_1_140' title='bbox 1345 3687 1448 3774; x_wconf 83' lang='lat' dir='ltr'><strong>Suet,</strong></span> 
     </span>
     <span class='ocr_line' id='line_1_24' title="bbox 381 3801 552 3881; baseline -0.023 -15"><span class='ocrx_word' id='word_1_141' title='bbox 381 3801 527 3866; x_wconf 71' lang='lat' dir='ltr'><strong>liberius.</strong></span> <span class='ocrx_word' id='word_1_142' title='bbox 540 3801 552 3881; x_wconf 93' lang='lat'>)</span> 
     </span>
    </p>
   </div>
   <div class='ocr_carea' id='block_1_3' title="bbox 280 3900 1304 3991">
    <p class='ocr_par' dir='ltr' id='par_1_5' title="bbox 280 3900 1304 3991">
     <span class='ocr_line' id='line_1_25' title="bbox 280 3900 1304 3991; baseline -0.012 -18"><span class='ocrx_word' id='word_1_143' title='bbox 280 3986 282 3991; x_wconf 11' lang='grc' dir='ltr'><em>Α</em></span> <span class='ocrx_word' id='word_1_144' title='bbox 417 3915 430 3948; x_wconf 83' lang='lat'>⁸</span> <span class='ocrx_word' id='word_1_145' title='bbox 444 3907 509 3972; x_wconf 89' lang='lat' dir='ltr'><strong>Lex</strong></span> <span class='ocrx_word' id='word_1_146' title='bbox 517 3904 719 3988; x_wconf 86' lang='lat' dir='ltr'><strong>Constantini,</strong></span> <span class='ocrx_word' id='word_1_147' title='bbox 733 3911 778 3969; x_wconf 83' lang='lat' dir='ltr'><strong>De</strong></span> <span class='ocrx_word' id='word_1_148' title='bbox 793 3909 872 3968; x_wconf 80' lang='lat' dir='ltr'><strong>tactu</strong></span> <span class='ocrx_word' id='word_1_149' title='bbox 885 3903 1038 3986; x_wconf 75' lang='lat' dir='ltr'><strong>fulminis,</strong></span> <span class='ocrx_word' id='word_1_150' title='bbox 1050 3918 1120 3966; x_wconf 88' lang='lat' dir='ltr'><strong>ann.</strong></span> <span class='ocrx_word' id='word_1_151' title='bbox 1131 3900 1150 3967; x_wconf 87' lang='lat' dir='ltr'><strong>J</strong></span> <span class='ocrx_word' id='word_1_152' title='bbox 1153 3901 1219 3968; x_wconf 80' lang='lat' dir='ltr'><strong>.-C.</strong></span> <span class='ocrx_word' id='word_1_153' title='bbox 1232 3905 1304 3967; x_wconf 76' lang='lat'><strong>321.</strong></span> 
     </span>
    </p>
   </div>
   <div class='ocr_carea' id='block_1_4' title="bbox 313 4007 1511 4518">
    <p class='ocr_par' dir='ltr' id='par_1_6' title="bbox 313 4007 1511 4518">
     <span class='ocr_line' id='line_1_26' title="bbox 416 4007 1511 4094; baseline -0.004 -17"><span class='ocrx_word' id='word_1_154' title='bbox 416 4011 642 4094; x_wconf 72' lang='lat' dir='ltr'><strong>*Philosophia</strong></span> <span class='ocrx_word' id='word_1_155' title='bbox 651 4009 972 4094; x_wconf 86' lang='lat' dir='ltr'><strong>operamrehementer</strong></span> <span class='ocrx_word' id='word_1_156' title='bbox 981 4007 1074 4090; x_wconf 87' lang='lat' dir='ltr'><strong>dedit,</strong></span> <span class='ocrx_word' id='word_1_157' title='bbox 1082 4007 1240 4090; x_wconf 85' lang='lat' dir='ltr'><strong>etquidem</strong></span> <span class='ocrx_word' id='word_1_158' title='bbox 1250 4007 1347 4073; x_wconf 90' lang='lat' dir='ltr'><strong>adhuc</strong></span> <span class='ocrx_word' id='word_1_159' title='bbox 1357 4023 1446 4092; x_wconf 78' lang='lat' dir='ltr'><strong>puer3</strong></span> <span class='ocrx_word' id='word_1_160' title='bbox 1508 4051 1511 4059; x_wconf 46' lang='grc' dir='ltr'>ι</span> 
     </span>
     <span class='ocr_line' id='line_1_27' title="bbox 377 4113 1448 4199; baseline -0.007 -13"><span class='ocrx_word' id='word_1_161' title='bbox 377 4139 447 4186; x_wconf 87' lang='lat' dir='ltr'><strong>narn</strong></span> <span class='ocrx_word' id='word_1_162' title='bbox 463 4118 673 4184; x_wconf 86' lang='lat' dir='ltr'><strong>duodecimum</strong></span> <span class='ocrx_word' id='word_1_163' title='bbox 690 4133 801 4180; x_wconf 90' lang='lat' dir='ltr'><strong>annum</strong></span> <span class='ocrx_word' id='word_1_164' title='bbox 814 4117 986 4199; x_wconf 86' lang='lat' dir='ltr'><strong>ingressus,</strong></span> <span class='ocrx_word' id='word_1_165' title='bbox 1002 4113 1135 4178; x_wconf 89' lang='lat' dir='ltr'><strong>habitum</strong></span> <span class='ocrx_word' id='word_1_166' title='bbox 1150 4113 1317 4196; x_wconf 87' lang='lat' dir='ltr'><strong>philosophi</strong></span> <span class='ocrx_word' id='word_1_167' title='bbox 1330 4129 1448 4178; x_wconf 88' lang='lat' dir='ltr'><strong>assum·</strong></span> 
     </span>
     <span class='ocr_line' id='line_1_28' title="bbox 376 4218 1450 4312; baseline -0.006 -20"><span class='ocrx_word' id='word_1_168' title='bbox 376 4229 470 4312; x_wconf 87' lang='lat' dir='ltr'><strong>psit...</strong></span> <span class='ocrx_word' id='word_1_169' title='bbox 487 4226 612 4294; x_wconf 86' lang='lat' dir='ltr'><strong>Virilem</strong></span> <span class='ocrx_word' id='word_1_170' title='bbox 625 4229 727 4306; x_wconf 83' lang='lat' dir='ltr'><strong>togam</strong></span> <span class='ocrx_word' id='word_1_171' title='bbox 743 4223 869 4304; x_wconf 88' lang='lat' dir='ltr'><strong>sumpsit</strong></span> <span class='ocrx_word' id='word_1_172' title='bbox 878 4222 983 4304; x_wconf 88' lang='lat' dir='ltr'><strong>quinto</strong></span> <span class='ocrx_word' id='word_1_173' title='bbox 997 4219 1114 4284; x_wconf 88' lang='lat' dir='ltr'><strong>decimo</strong></span> <span class='ocrx_word' id='word_1_174' title='bbox 1129 4221 1225 4285; x_wconf 86' lang='lat' dir='ltr'><strong>aetatis</strong></span> <span class='ocrx_word' id='word_1_175' title='bbox 1236 4236 1324 4285; x_wconf 82' lang='lat' dir='ltr'><strong>anno.</strong></span> <span class='ocrx_word' id='word_1_176' title='bbox 1337 4218 1377 4303; x_wconf 86' lang='lat' dir='ltr'><strong>(J.</strong></span> <span class='ocrx_word' id='word_1_177' title='bbox 1385 4219 1450 4286; x_wconf 87' lang='lat' dir='ltr'><strong>Ca·</strong></span> 
     </span>
     <span class='ocr_line' id='line_1_29' title="bbox 313 4329 747 4419; baseline -0.018 -20"><span class='ocrx_word' id='word_1_178' title='bbox 313 4411 316 4419; x_wconf 36' lang='lat'><strong>,</strong></span> <span class='ocrx_word' id='word_1_179' title='bbox 376 4335 530 4418; x_wconf 83' lang='lat' dir='ltr'><strong>pitolinus,</strong></span> <span class='ocrx_word' id='word_1_180' title='bbox 544 4329 747 4410; x_wconf 80' lang='lat' dir='ltr'><strong>Antoninus.)</strong></span> 
     </span>
     <span class='ocr_line' id='line_1_30' title="bbox 416 4435 1157 4518; baseline -0.016 -11"><span class='ocrx_word' id='word_1_181' title='bbox 416 4441 490 4506; x_wconf 76' lang='lat' dir='ltr'><strong>⁸M·</strong></span> <span class='ocrx_word' id='word_1_182' title='bbox 506 4439 653 4518; x_wconf 81' lang='lat' dir='ltr'><strong>Antonin,</strong></span> <span class='ocrx_word' id='word_1_183' title='bbox 669 4435 866 4518; x_wconf 65' lang='lat' dir='ltr'><strong>instipatum,</strong></span> <span class='ocrx_word' id='word_1_184' title='bbox 883 4450 908 4516; x_wconf 87' lang='lat' dir='ltr'><strong>r,</strong></span> <span class='ocrx_word' id='word_1_185' title='bbox 920 4439 952 4517; x_wconf 83' lang='lat'><strong>7,</strong></span> <span class='ocrx_word' id='word_1_186' title='bbox 967 4438 999 4516; x_wconf 90' lang='lat'><strong>9,</strong></span> <span class='ocrx_word' id='word_1_187' title='bbox 1016 4435 1053 4498; x_wconf 86' lang='lat'><strong>13</strong></span> <span class='ocrx_word' id='word_1_188' title='bbox 1063 4436 1094 4498; x_wconf 88' lang='lat' dir='ltr'><strong>et</strong></span> <span class='ocrx_word' id='word_1_189' title='bbox 1108 4435 1157 4497; x_wconf 88' lang='lat'><strong>15.</strong></span> 
     </span>
    </p>
   </div>
   <div class='ocr_carea' id='block_1_5' title="bbox 0 0 1829 5480">
    <p class='ocr_par' dir='ltr' id='par_1_7' title="bbox 0 0 1829 5480">
     <span class='ocr_line' id='line_1_31' title="bbox 0 0 1829 5480; baseline 0 0"><span class='ocrx_word' id='word_1_190' title='bbox 0 0 1829 5480; x_wconf 95' lang='lat' dir='ltr'><strong> </strong></span> 
     </span>
    </p>
   </div>
  </div>
 </body>
</html>
