<?xml version="1.0" encoding="UTF-8"?>
<!DOCTYPE html PUBLIC "-//W3C//DTD XHTML 1.0 Transitional//EN"
    "http://www.w3.org/TR/xhtml1/DTD/xhtml1-transitional.dtd">
<html xmlns="http://www.w3.org/1999/xhtml" xml:lang="en" lang="en">
 <head>
  <title>
</title>
<meta http-equiv="Content-Type" content="text/html;charset=utf-8" />
  <meta name='ocr-system' content='tesseract 3.04.00' />
  <meta name='ocr-capabilities' content='ocr_page ocr_carea ocr_par ocr_line ocrx_word'/>
</head>
<body>
  <div class='ocr_page' id='page_1' title='image "anstoicamaanton00filogoog_0048.png"; bbox 0 0 3614 5480; ppageno 0'>
   <div class='ocr_carea' id='block_1_1' title="bbox 290 601 1374 980">
    <p class='ocr_par' dir='ltr' id='par_1_1' title="bbox 290 601 1374 980">
     <span class='ocr_line' id='line_1_1' title="bbox 756 601 915 666; baseline -0.013 -15"><span class='ocrx_word' id='word_1_1' title='bbox 756 635 795 651; x_wconf 88' lang='lat'><strong>..</strong></span> <span class='ocrx_word' id='word_1_2' title='bbox 816 601 853 666; x_wconf 81' lang='lat'><strong>37</strong></span> <span class='ocrx_word' id='word_1_3' title='bbox 876 633 915 649; x_wconf 84' lang='lat'>-</span> 
     </span>
     <span class='ocr_line' id='line_1_2' title="bbox 298 732 1372 842; baseline 0.001 -25"><span class='ocrx_word' id='word_1_4' title='bbox 298 755 358 817; x_wconf 87' lang='lat' dir='ltr'><strong>tor</strong></span> <span class='ocrx_word' id='word_1_5' title='bbox 374 739 612 841; x_wconf 88' lang='lat' dir='ltr'><strong>insperatum</strong></span> <span class='ocrx_word' id='word_1_6' title='bbox 628 734 722 815; x_wconf 89' lang='lat' dir='ltr'><strong>illud</strong></span> <span class='ocrx_word' id='word_1_7' title='bbox 734 734 876 842; x_wconf 84' lang='lat' dir='ltr'><strong>pluviae</strong></span> <span class='ocrx_word' id='word_1_8' title='bbox 890 734 1074 814; x_wconf 87' lang='lat' dir='ltr'><strong>auxilium</strong></span> <span class='ocrx_word' id='word_1_9' title='bbox 1086 732 1372 818; x_wconf 81' lang='lat' dir='ltr'><strong>Christianorum</strong></span> 
     </span>
     <span class='ocr_line' id='line_1_3' title="bbox 290 869 1374 980; baseline 0.003 -30"><span class='ocrx_word' id='word_1_10' title='bbox 290 872 395 980; x_wconf 85' lang='lat' dir='ltr'><strong>sorte</strong></span> <span class='ocrx_word' id='word_1_11' title='bbox 406 869 565 950; x_wconf 81' lang='lat' dir='ltr'><strong>militum</strong></span> <span class='ocrx_word' id='word_1_12' title='bbox 578 869 842 976; x_wconf 80' lang='lat' dir='ltr'><strong>precationibus</strong></span> <span class='ocrx_word' id='word_1_13' title='bbox 850 870 1082 975; x_wconf 80' lang='lat' dir='ltr'><strong>impetratum</strong></span> <span class='ocrx_word' id='word_1_14' title='bbox 1092 897 1168 947; x_wconf 82' lang='lat' dir='ltr'><strong>esse</strong></span> <span class='ocrx_word' id='word_1_15' title='bbox 1177 869 1374 953; x_wconf 86' lang='lat' dir='ltr'><strong>confessus</strong></span> 
     </span>
    </p>
   </div>
   <div class='ocr_carea' id='block_1_2' title="bbox 299 1000 1373 1243">
    <p class='ocr_par' dir='ltr' id='par_1_2' title="bbox 299 1000 1373 1243">
     <span class='ocr_line' id='line_1_4' title="bbox 299 1000 1373 1112; baseline 0.003 -30"><span class='ocrx_word' id='word_1_16' title='bbox 299 1012 393 1082; x_wconf 86' lang='lat' dir='ltr'><strong>est¹.</strong></span> <span class='ocrx_word' id='word_1_17' title='bbox 408 1005 500 1083; x_wconf 84' lang='lat' dir='ltr'><strong>Erat</strong></span> <span class='ocrx_word' id='word_1_18' title='bbox 526 1030 665 1112; x_wconf 84' lang='lat' dir='ltr'>nempe</span> <span class='ocrx_word' id='word_1_19' title='bbox 682 1031 759 1083; x_wconf 88' lang='lat' dir='ltr'><strong>una</strong></span> <span class='ocrx_word' id='word_1_20' title='bbox 774 1029 820 1081; x_wconf 89' lang='lat' dir='ltr'><strong>ex</strong></span> <span class='ocrx_word' id='word_1_21' title='bbox 843 1001 1029 1080; x_wconf 89' lang='lat' dir='ltr'><strong>Romanis</strong></span> <span class='ocrx_word' id='word_1_22' title='bbox 1046 1000 1275 1107; x_wconf 81' lang='lat' dir='ltr'><strong>legionibus,</strong></span> <span class='ocrx_word' id='word_1_23' title='bbox 1296 1007 1373 1084; x_wconf 88' lang='lat' dir='ltr'><strong>Me·</strong></span> 
     </span>
     <span class='ocr_line' id='line_1_5' title="bbox 304 1133 1373 1243; baseline 0.004 -29"><span class='ocrx_word' id='word_1_24' title='bbox 304 1135 414 1215; x_wconf 89' lang='lat' dir='ltr'><strong>litina</strong></span> <span class='ocrx_word' id='word_1_25' title='bbox 444 1137 616 1230; x_wconf 88' lang='lat' dir='ltr'><strong>nomine,</strong></span> <span class='ocrx_word' id='word_1_26' title='bbox 645 1136 779 1243; x_wconf 91' lang='lat' dir='ltr'><strong>inqua</strong></span> <span class='ocrx_word' id='word_1_27' title='bbox 805 1161 918 1212; x_wconf 89' lang='lat' dir='ltr'><strong>nemo</strong></span> <span class='ocrx_word' id='word_1_28' title='bbox 944 1133 1019 1212; x_wconf 94' lang='lat' dir='ltr'><strong>nisi</strong></span> <span class='ocrx_word' id='word_1_29' title='bbox 1038 1133 1281 1216; x_wconf 82' lang='lat' dir='ltr'><strong>Christianus</strong></span> <span class='ocrx_word' id='word_1_30' title='bbox 1297 1165 1373 1218; x_wconf 89' lang='lat' dir='ltr'><strong>me·</strong></span> 
     </span>
    </p>
   </div>
   <div class='ocr_carea' id='block_1_3' title="bbox 299 1270 1380 3475">
    <p class='ocr_par' dir='ltr' id='par_1_3' title="bbox 299 1270 1380 3475">
     <span class='ocr_line' id='line_1_6' title="bbox 300 1270 1375 1381; baseline 0.005 -33"><span class='ocrx_word' id='word_1_31' title='bbox 300 1270 446 1348; x_wconf 76' lang='lat' dir='ltr'><strong>rebat2.</strong></span> <span class='ocrx_word' id='word_1_32' title='bbox 464 1273 559 1372; x_wconf 87' lang='lat' dir='ltr'><strong>Quae</strong></span> <span class='ocrx_word' id='word_1_33' title='bbox 585 1271 740 1376; x_wconf 88' lang='lat' dir='ltr'><strong>quidem</strong></span> <span class='ocrx_word' id='word_1_34' title='bbox 763 1273 919 1354; x_wconf 79' lang='lat' dir='ltr'><strong>tradidit</strong></span> <span class='ocrx_word' id='word_1_35' title='bbox 943 1291 978 1352; x_wconf 90' lang='lat' dir='ltr'><strong>et</strong></span> <span class='ocrx_word' id='word_1_36' title='bbox 1002 1274 1204 1367; x_wconf 87' lang='lat' dir='ltr'><strong>Eusebius,</strong></span> <span class='ocrx_word' id='word_1_37' title='bbox 1235 1275 1375 1381; x_wconf 81' lang='lat' dir='ltr'><strong>Apolli-</strong></span> 
     </span>
     <span class='ocr_line' id='line_1_7' title="bbox 300 1404 1374 1512; baseline 0.007 -33"><span class='ocrx_word' id='word_1_38' title='bbox 300 1427 433 1480; x_wconf 91' lang='lat' dir='ltr'><strong>narem</strong></span> <span class='ocrx_word' id='word_1_39' title='bbox 449 1418 614 1494; x_wconf 86' lang='lat' dir='ltr'><strong>secutus,</strong></span> <span class='ocrx_word' id='word_1_40' title='bbox 632 1430 754 1481; x_wconf 92' lang='lat' dir='ltr'><strong>unum</strong></span> <span class='ocrx_word' id='word_1_41' title='bbox 777 1431 825 1482; x_wconf 83' lang='lat' dir='ltr'><strong>ex</strong></span> <span class='ocrx_word' id='word_1_42' title='bbox 843 1404 890 1482; x_wconf 93' lang='lat' dir='ltr'><strong>iis</strong></span> <span class='ocrx_word' id='word_1_43' title='bbox 905 1405 972 1512; x_wconf 93' lang='lat' dir='ltr'><strong>qui</strong></span> <span class='ocrx_word' id='word_1_44' title='bbox 993 1406 1244 1512; x_wconf 82' lang='lat' dir='ltr'><strong>apologeticos</strong></span> <span class='ocrx_word' id='word_1_45' title='bbox 1255 1405 1374 1486; x_wconf 87' lang='lat' dir='ltr'><strong>libros</strong></span> 
     </span>
     <span class='ocr_line' id='line_1_8' title="bbox 300 1533 1374 1639; baseline 0.005 -27"><span class='ocrx_word' id='word_1_46' title='bbox 300 1534 350 1628; x_wconf 85' lang='lat' dir='ltr'><strong>ad</strong></span> <span class='ocrx_word' id='word_1_47' title='bbox 368 1535 540 1614; x_wconf 87' lang='lat' dir='ltr'><strong>Marcum</strong></span> <span class='ocrx_word' id='word_1_48' title='bbox 561 1533 794 1639; x_wconf 88' lang='lat' dir='ltr'><strong>scripserant</strong></span> <span class='ocrx_word' id='word_1_49' title='bbox 810 1539 836 1613; x_wconf 77' lang='lat'><strong>³.</strong></span> <span class='ocrx_word' id='word_1_50' title='bbox 856 1536 982 1634; x_wconf 85' lang='lat' dir='ltr'><strong>Quam</strong></span> <span class='ocrx_word' id='word_1_51' title='bbox 1004 1565 1092 1616; x_wconf 89' lang='lat' dir='ltr'><strong>vero</strong></span> <span class='ocrx_word' id='word_1_52' title='bbox 1113 1539 1215 1618; x_wconf 89' lang='lat' dir='ltr'><strong>inter</strong></span> <span class='ocrx_word' id='word_1_53' title='bbox 1232 1537 1374 1618; x_wconf 88' lang='lat' dir='ltr'><strong>Justini</strong></span> 
     </span>
     <span class='ocr_line' id='line_1_9' title="bbox 302 1666 1374 1776; baseline 0 -29"><span class='ocrx_word' id='word_1_54' title='bbox 302 1694 419 1773; x_wconf 89' lang='lat' dir='ltr'><strong>opera</strong></span> <span class='ocrx_word' id='word_1_55' title='bbox 447 1666 610 1774; x_wconf 82' lang='lat' dir='ltr'><strong>legimus</strong></span> <span class='ocrx_word' id='word_1_56' title='bbox 638 1666 878 1773; x_wconf 85' lang='lat' dir='ltr'><strong>epistolam⁴‚</strong></span> <span class='ocrx_word' id='word_1_57' title='bbox 905 1697 985 1747; x_wconf 90' lang='lat' dir='ltr'><strong>non</strong></span> <span class='ocrx_word' id='word_1_58' title='bbox 1012 1669 1173 1748; x_wconf 90' lang='lat' dir='ltr'><strong>dubium</strong></span> <span class='ocrx_word' id='word_1_59' title='bbox 1201 1687 1258 1749; x_wconf 91' lang='lat' dir='ltr'><strong>est</strong></span> <span class='ocrx_word' id='word_1_60' title='bbox 1279 1669 1374 1776; x_wconf 90' lang='lat' dir='ltr'><strong>quin</strong></span> 
     </span>
     <span class='ocr_line' id='line_1_10' title="bbox 299 1791 1375 1901; baseline 0 -30"><span class='ocrx_word' id='word_1_61' title='bbox 299 1792 395 1873; x_wconf 87' lang='lat' dir='ltr'><strong>falsa</strong></span> <span class='ocrx_word' id='word_1_62' title='bbox 422 1792 471 1871; x_wconf 88' lang='lat' dir='ltr'><strong>sit</strong></span> <span class='ocrx_word' id='word_1_63' title='bbox 498 1821 542 1872; x_wconf 86' lang='lat' dir='ltr'><strong>ac</strong></span> <span class='ocrx_word' id='word_1_64' title='bbox 567 1791 778 1884; x_wconf 91' lang='lat' dir='ltr'><strong>subdititia,</strong></span> <span class='ocrx_word' id='word_1_65' title='bbox 805 1821 993 1875; x_wconf 85' lang='lat' dir='ltr'><strong>comeam</strong></span> <span class='ocrx_word' id='word_1_66' title='bbox 1016 1822 1064 1874; x_wconf 89' lang='lat' dir='ltr'><strong>ne</strong></span> <span class='ocrx_word' id='word_1_67' title='bbox 1077 1794 1266 1874; x_wconf 85' lang='lat' dir='ltr'><strong>Eusebius</strong></span> <span class='ocrx_word' id='word_1_68' title='bbox 1290 1793 1375 1901; x_wconf 90' lang='lat' dir='ltr'><strong>qui·</strong></span> 
     </span>
     <span class='ocr_line' id='line_1_11' title="bbox 300 1921 1371 2022; baseline -0.002 -20"><span class='ocrx_word' id='word_1_69' title='bbox 300 1923 387 2002; x_wconf 90' lang='lat' dir='ltr'><strong>dem</strong></span> <span class='ocrx_word' id='word_1_70' title='bbox 409 1922 597 2001; x_wconf 86' lang='lat' dir='ltr'><strong>retulerit.</strong></span> <span class='ocrx_word' id='word_1_71' title='bbox 625 1923 721 2022; x_wconf 84' lang='lat' dir='ltr'><strong>Quae</strong></span> <span class='ocrx_word' id='word_1_72' title='bbox 738 1921 770 2000; x_wconf 90' lang='lat' dir='ltr'><strong>si</strong></span> <span class='ocrx_word' id='word_1_73' title='bbox 788 1949 915 2000; x_wconf 88' lang='lat' dir='ltr'><strong>coram</strong></span> <span class='ocrx_word' id='word_1_74' title='bbox 933 1939 1069 2002; x_wconf 88' lang='lat' dir='ltr'><strong>senatu</strong></span> <span class='ocrx_word' id='word_1_75' title='bbox 1084 1922 1239 2002; x_wconf 86' lang='lat' dir='ltr'><strong>recitata</strong></span> <span class='ocrx_word' id='word_1_76' title='bbox 1259 1939 1371 2014; x_wconf 90' lang='lat' dir='ltr'><strong>esset,</strong></span> 
     </span>
     <span class='ocr_line' id='line_1_12' title="bbox 300 2054 1375 2162; baseline -0.001 -28"><span class='ocrx_word' id='word_1_77' title='bbox 300 2071 378 2134; x_wconf 88' lang='lat' dir='ltr'><strong>tota</strong></span> <span class='ocrx_word' id='word_1_78' title='bbox 395 2055 637 2134; x_wconf 79' lang='lat' dir='ltr'><strong>reclamasset</strong></span> <span class='ocrx_word' id='word_1_79' title='bbox 653 2055 773 2146; x_wconf 89' lang='lat' dir='ltr'><strong>curia,</strong></span> <span class='ocrx_word' id='word_1_80' title='bbox 802 2054 966 2162; x_wconf 89' lang='lat' dir='ltr'><strong>patriam</strong></span> <span class='ocrx_word' id='word_1_81' title='bbox 989 2055 1213 2162; x_wconf 83' lang='lat' dir='ltr'><strong>religionem</strong></span> <span class='ocrx_word' id='word_1_82' title='bbox 1231 2055 1375 2134; x_wconf 90' lang='lat' dir='ltr'><strong>aboleri</strong></span> 
     </span>
     <span class='ocr_line' id='line_1_13' title="bbox 301 2184 1376 2292; baseline 0.001 -31"><span class='ocrx_word' id='word_1_83' title='bbox 301 2184 515 2292; x_wconf 83' lang='lat' dir='ltr'><strong>indignata.</strong></span> <span class='ocrx_word' id='word_1_84' title='bbox 547 2185 622 2264; x_wconf 81' lang='lat' dir='ltr'><strong>Alii</strong></span> <span class='ocrx_word' id='word_1_85' title='bbox 659 2184 744 2264; x_wconf 92' lang='lat' dir='ltr'><strong>aliis</strong></span> <span class='ocrx_word' id='word_1_86' title='bbox 774 2185 987 2264; x_wconf 92' lang='lat' dir='ltr'><strong>rationibus</strong></span> <span class='ocrx_word' id='word_1_87' title='bbox 1015 2213 1096 2266; x_wconf 88' lang='lat' dir='ltr'><strong>rem</strong></span> <span class='ocrx_word' id='word_1_88' title='bbox 1139 2184 1376 2292; x_wconf 83' lang='lat' dir='ltr'><strong>interpretati</strong></span> 
     </span>
     <span class='ocr_line' id='line_1_14' title="bbox 302 2317 1378 2426; baseline 0.003 -32"><span class='ocrx_word' id='word_1_89' title='bbox 302 2333 423 2394; x_wconf 88' lang='lat' dir='ltr'><strong>sunt:</strong></span> <span class='ocrx_word' id='word_1_90' title='bbox 451 2317 515 2396; x_wconf 87' lang='lat' dir='ltr'><strong>hic</strong></span> <span class='ocrx_word' id='word_1_91' title='bbox 543 2318 701 2426; x_wconf 84' lang='lat' dir='ltr'><strong>magicis</strong></span> <span class='ocrx_word' id='word_1_92' title='bbox 729 2319 928 2410; x_wconf 81' lang='lat' dir='ltr'><strong>artibus.⁵;</strong></span> <span class='ocrx_word' id='word_1_93' title='bbox 968 2319 1033 2397; x_wconf 90' lang='lat' dir='ltr'><strong>ille</strong></span> <span class='ocrx_word' id='word_1_94' title='bbox 1071 2345 1221 2400; x_wconf 88' lang='lat' dir='ltr'><strong>summa</strong></span> <span class='ocrx_word' id='word_1_95' title='bbox 1260 2317 1378 2424; x_wconf 92' lang='lat' dir='ltr'><strong>impe·</strong></span> 
     </span>
     <span class='ocr_line' id='line_1_15' title="bbox 302 2447 1375 2556; baseline 0.002 -32"><span class='ocrx_word' id='word_1_96' title='bbox 302 2447 438 2526; x_wconf 89' lang='lat' dir='ltr'><strong>ratoris</strong></span> <span class='ocrx_word' id='word_1_97' title='bbox 485 2449 624 2555; x_wconf 88' lang='lat' dir='ltr'><strong>pietate</strong></span> <span class='ocrx_word' id='word_1_98' title='bbox 643 2455 683 2541; x_wconf 80' lang='lat'><strong>⁶;</strong></span> <span class='ocrx_word' id='word_1_99' title='bbox 734 2449 945 2530; x_wconf 87' lang='lat' dir='ltr'><strong>Christiani</strong></span> <span class='ocrx_word' id='word_1_100' title='bbox 984 2479 1141 2530; x_wconf 92' lang='lat' dir='ltr'><strong>suorum</strong></span> <span class='ocrx_word' id='word_1_101' title='bbox 1181 2449 1375 2556; x_wconf 88' lang='lat' dir='ltr'><strong>precibus.</strong></span> 
     </span>
     <span class='ocr_line' id='line_1_16' title="bbox 301 2580 1377 2692; baseline 0.002 -35"><span class='ocrx_word' id='word_1_102' title='bbox 301 2580 465 2672; x_wconf 68' lang='lat' dir='ltr'><strong>Marcus</strong></span> <span class='ocrx_word' id='word_1_103' title='bbox 485 2582 518 2660; x_wconf 91' lang='lat' dir='ltr'><strong>si</strong></span> <span class='ocrx_word' id='word_1_104' title='bbox 532 2610 663 2662; x_wconf 89' lang='lat' dir='ltr'><strong>veram</strong></span> <span class='ocrx_word' id='word_1_105' title='bbox 676 2585 759 2692; x_wconf 88' lang='lat' dir='ltr'><strong>ejus</strong></span> <span class='ocrx_word' id='word_1_106' title='bbox 778 2582 1007 2662; x_wconf 88' lang='lat' dir='ltr'><strong>sententiam</strong></span> <span class='ocrx_word' id='word_1_107' title='bbox 1026 2583 1283 2689; x_wconf 87' lang='lat' dir='ltr'><strong>introspicias,</strong></span> <span class='ocrx_word' id='word_1_108' title='bbox 1303 2580 1377 2660; x_wconf 90' lang='lat' dir='ltr'><strong>hoc</strong></span> 
     </span>
     <span class='ocr_line' id='line_1_17' title="bbox 303 2708 1375 2803; baseline 0.003 -18"><span class='ocrx_word' id='word_1_109' title='bbox 303 2708 352 2787; x_wconf 90' lang='lat' dir='ltr'><strong>ab</strong></span> <span class='ocrx_word' id='word_1_110' title='bbox 379 2709 486 2788; x_wconf 91' lang='lat' dir='ltr'><strong>omni</strong></span> <span class='ocrx_word' id='word_1_111' title='bbox 510 2712 733 2802; x_wconf 81' lang='lat' dir='ltr'><strong>aeternitate,</strong></span> <span class='ocrx_word' id='word_1_112' title='bbox 765 2712 978 2790; x_wconf 83' lang='lat' dir='ltr'><strong>secundum</strong></span> <span class='ocrx_word' id='word_1_113' title='bbox 1007 2712 1143 2791; x_wconf 93' lang='lat' dir='ltr'><strong>mundi</strong></span> <span class='ocrx_word' id='word_1_114' title='bbox 1172 2710 1375 2803; x_wconf 88' lang='lat' dir='ltr'><strong>rationem,</strong></span> 
     </span>
     <span class='ocr_line' id='line_1_18' title="bbox 304 2841 1378 2950; baseline 0.002 -32"><span class='ocrx_word' id='word_1_115' title='bbox 304 2841 554 2920; x_wconf 86' lang='lat' dir='ltr'><strong>constitutum</strong></span> <span class='ocrx_word' id='word_1_116' title='bbox 572 2841 744 2922; x_wconf 88' lang='lat' dir='ltr'><strong>evenisse</strong></span> <span class='ocrx_word' id='word_1_117' title='bbox 766 2859 873 2922; x_wconf 87' lang='lat' dir='ltr'><strong>ratus</strong></span> <span class='ocrx_word' id='word_1_118' title='bbox 895 2859 976 2932; x_wconf 90' lang='lat' dir='ltr'><strong>est;</strong></span> <span class='ocrx_word' id='word_1_119' title='bbox 1003 2842 1131 2950; x_wconf 89' lang='lat' dir='ltr'><strong>palam</strong></span> <span class='ocrx_word' id='word_1_120' title='bbox 1150 2859 1278 2920; x_wconf 88' lang='lat' dir='ltr'><strong>autem</strong></span> <span class='ocrx_word' id='word_1_121' title='bbox 1292 2842 1378 2922; x_wconf 86' lang='lat' dir='ltr'><strong>Jovi</strong></span> 
     </span>
     <span class='ocr_line' id='line_1_19' title="bbox 305 2971 1378 3054; baseline -0.002 -1"><span class='ocrx_word' id='word_1_122' title='bbox 305 2971 437 3053; x_wconf 89' lang='lat' dir='ltr'><strong>Pluvio</strong></span> <span class='ocrx_word' id='word_1_123' title='bbox 458 2971 545 3050; x_wconf 87' lang='lat' dir='ltr'><strong>lacti</strong></span> <span class='ocrx_word' id='word_1_124' title='bbox 563 2972 749 3054; x_wconf 89' lang='lat' dir='ltr'><strong>honorem</strong></span> <span class='ocrx_word' id='word_1_125' title='bbox 777 2972 927 3053; x_wconf 89' lang='lat' dir='ltr'><strong>detulit.</strong></span> <span class='ocrx_word' id='word_1_126' title='bbox 955 2975 1031 3054; x_wconf 85' lang='lat' dir='ltr'><strong>Nec</strong></span> <span class='ocrx_word' id='word_1_127' title='bbox 1054 2972 1255 3052; x_wconf 89' lang='lat' dir='ltr'><strong>dubitandi</strong></span> <span class='ocrx_word' id='word_1_128' title='bbox 1272 2972 1378 3051; x_wconf 81' lang='lat' dir='ltr'><strong>locus</strong></span> 
     </span>
     <span class='ocr_line' id='line_1_20' title="bbox 305 3105 1379 3212; baseline 0.001 -30"><span class='ocrx_word' id='word_1_129' title='bbox 305 3120 376 3198; x_wconf 91' lang='lat' dir='ltr'><strong>est,</strong></span> <span class='ocrx_word' id='word_1_130' title='bbox 404 3130 491 3182; x_wconf 87' lang='lat' dir='ltr'><strong>cum</strong></span> <span class='ocrx_word' id='word_1_131' title='bbox 506 3105 694 3210; x_wconf 88' lang='lat' dir='ltr'><strong>optimum</strong></span> <span class='ocrx_word' id='word_1_132' title='bbox 715 3105 757 3182; x_wconf 92' lang='lat' dir='ltr'><strong>in</strong></span> <span class='ocrx_word' id='word_1_133' title='bbox 776 3105 849 3183; x_wconf 83' lang='lat' dir='ltr'><strong>hae</strong></span> <span class='ocrx_word' id='word_1_134' title='bbox 863 3106 1074 3212; x_wconf 86' lang='lat' dir='ltr'><strong>quaestione</strong></span> <span class='ocrx_word' id='word_1_135' title='bbox 1098 3121 1211 3210; x_wconf 89' lang='lat' dir='ltr'><strong>atque</strong></span> <span class='ocrx_word' id='word_1_136' title='bbox 1233 3131 1281 3182; x_wconf 84' lang='lat' dir='ltr'><strong>ex</strong></span> <span class='ocrx_word' id='word_1_137' title='bbox 1304 3131 1379 3183; x_wconf 81' lang='lat' dir='ltr'><strong>aere</strong></span> 
     </span>
     <span class='ocr_line' id='line_1_21' title="bbox 306 3236 1378 3346; baseline 0.001 -33"><span class='ocrx_word' id='word_1_138' title='bbox 306 3236 510 3317; x_wconf 81' lang='lat' dir='ltr'><strong>conflatum</strong></span> <span class='ocrx_word' id='word_1_139' title='bbox 536 3237 747 3319; x_wconf 89' lang='lat' dir='ltr'><strong>habeamus</strong></span> <span class='ocrx_word' id='word_1_140' title='bbox 763 3255 1047 3346; x_wconf 81' lang='lat' dir='ltr'><strong>argumentum,</strong></span> <span class='ocrx_word' id='word_1_141' title='bbox 1074 3237 1293 3317; x_wconf 85' lang='lat' dir='ltr'><strong>columnam</strong></span> <span class='ocrx_word' id='word_1_142' title='bbox 1307 3236 1378 3316; x_wconf 92' lang='lat' dir='ltr'><strong>sci·</strong></span> 
     </span>
     <span class='ocr_line' id='line_1_22' title="bbox 307 3363 1380 3475; baseline 0.004 -33"><span class='ocrx_word' id='word_1_143' title='bbox 307 3363 392 3445; x_wconf 89' lang='lat' dir='ltr'><strong>licet</strong></span> <span class='ocrx_word' id='word_1_144' title='bbox 406 3367 659 3447; x_wconf 81' lang='lat' dir='ltr'><strong>Antoninum.</strong></span> <span class='ocrx_word' id='word_1_145' title='bbox 672 3370 744 3450; x_wconf 85' lang='lat' dir='ltr'><strong>Hic</strong></span> <span class='ocrx_word' id='word_1_146' title='bbox 760 3369 970 3450; x_wconf 89' lang='lat' dir='ltr'><strong>Christiani</strong></span> <span class='ocrx_word' id='word_1_147' title='bbox 991 3369 1088 3449; x_wconf 92' lang='lat' dir='ltr'><strong>nihil</strong></span> <span class='ocrx_word' id='word_1_148' title='bbox 1105 3399 1114 3461; x_wconf 91' lang='lat'><strong>;</strong></span> <span class='ocrx_word' id='word_1_149' title='bbox 1135 3368 1202 3448; x_wconf 90' lang='lat' dir='ltr'><strong>sed</strong></span> <span class='ocrx_word' id='word_1_150' title='bbox 1227 3366 1380 3475; x_wconf 88' lang='lat' dir='ltr'><strong>qualem</strong></span> 
     </span>
    </p>
   </div>
   <div class='ocr_carea' id='block_1_4' title="bbox 311 3808 1384 4519">
    <p class='ocr_par' dir='ltr' id='par_1_4' title="bbox 349 3808 757 3890">
     <span class='ocr_line' id='line_1_23' title="bbox 349 3808 757 3890; baseline -0.005 -19"><span class='ocrx_word' id='word_1_151' title='bbox 349 3811 359 3852; x_wconf 94' lang='lat'><strong>¹</strong></span> <span class='ocrx_word' id='word_1_152' title='bbox 372 3808 549 3874; x_wconf 83' lang='lat' dir='ltr'><strong>Tertulliun.</strong></span> <span class='ocrx_word' id='word_1_153' title='bbox 565 3811 715 3890; x_wconf 76' lang='lat' dir='ltr'><strong>Apoloyet.</strong></span> <span class='ocrx_word' id='word_1_154' title='bbox 728 3813 757 3873; x_wconf 83' lang='lat'><strong>5.</strong></span> 
     </span>
    </p>

    <p class='ocr_par' dir='ltr' id='par_1_5' title="bbox 347 3913 711 3995">
     <span class='ocr_line' id='line_1_24' title="bbox 347 3913 711 3995; baseline -0.008 -18"><span class='ocrx_word' id='word_1_155' title='bbox 347 3913 410 3977; x_wconf 79' lang='grc' dir='ltr'><strong>Ἰ).</strong></span> <span class='ocrx_word' id='word_1_156' title='bbox 426 3913 666 3995; x_wconf 61' lang='lat' dir='ltr'><strong>Cassianarum,</strong></span> <span class='ocrx_word' id='word_1_157' title='bbox 680 3919 711 3979; x_wconf 85' lang='lat'><strong>9.</strong></span> 
     </span>
    </p>

    <p class='ocr_par' dir='ltr' id='par_1_6' title="bbox 350 4019 795 4100">
     <span class='ocr_line' id='line_1_25' title="bbox 350 4019 795 4100; baseline -0.009 -18"><span class='ocrx_word' id='word_1_158' title='bbox 350 4019 486 4084; x_wconf 78' lang='lat' dir='ltr'><strong>³Euseb.</strong></span> <span class='ocrx_word' id='word_1_159' title='bbox 500 4022 582 4083; x_wconf 80' lang='lat' dir='ltr'><strong>Hist.</strong></span> <span class='ocrx_word' id='word_1_160' title='bbox 600 4021 700 4082; x_wconf 77' lang='lat' dir='ltr'><strong>eccles.</strong></span> <span class='ocrx_word' id='word_1_161' title='bbox 716 4035 752 4100; x_wconf 90' lang='lat' dir='ltr'><strong>v,</strong></span> <span class='ocrx_word' id='word_1_162' title='bbox 766 4022 795 4084; x_wconf 90' lang='lat'><strong>5.</strong></span> 
     </span>
    </p>

    <p class='ocr_par' dir='ltr' id='par_1_7' title="bbox 348 4121 1004 4205">
     <span class='ocr_line' id='line_1_26' title="bbox 348 4121 1004 4205; baseline -0.008 -19"><span class='ocrx_word' id='word_1_163' title='bbox 348 4121 481 4186; x_wconf 70' lang='lat' dir='ltr'><strong>*lustin</strong></span> <span class='ocrx_word' id='word_1_164' title='bbox 500 4129 607 4204; x_wconf 81' lang='lat' dir='ltr'><strong>opera,</strong></span> <span class='ocrx_word' id='word_1_165' title='bbox 620 4123 659 4186; x_wconf 89' lang='lat' dir='ltr'><strong>ad</strong></span> <span class='ocrx_word' id='word_1_166' title='bbox 670 4125 779 4204; x_wconf 85' lang='lat' dir='ltr'><strong>prioris</strong></span> <span class='ocrx_word' id='word_1_167' title='bbox 789 4122 868 4205; x_wconf 86' lang='lat' dir='ltr'><strong>apol.</strong></span> <span class='ocrx_word' id='word_1_168' title='bbox 881 4122 1004 4186; x_wconf 85' lang='lat' dir='ltr'><strong>calcem.</strong></span> 
     </span>
    </p>

    <p class='ocr_par' dir='ltr' id='par_1_8' title="bbox 348 4225 712 4309">
     <span class='ocr_line' id='line_1_27' title="bbox 348 4225 712 4309; baseline 0 -19"><span class='ocrx_word' id='word_1_169' title='bbox 348 4225 410 4289; x_wconf 75' lang='lat'><strong>⁸1).</strong></span> <span class='ocrx_word' id='word_1_170' title='bbox 426 4227 670 4309; x_wconf 81' lang='lat' dir='ltr'><strong>Cassius,nxx1,</strong></span> <span class='ocrx_word' id='word_1_171' title='bbox 684 4233 712 4292; x_wconf 90' lang='lat'><strong>8.</strong></span> 
     </span>
    </p>

    <p class='ocr_par' dir='ltr' id='par_1_9' title="bbox 311 4331 1384 4519">
     <span class='ocr_line' id='line_1_28' title="bbox 350 4331 1384 4416; baseline -0.005 -19"><span class='ocrx_word' id='word_1_172' title='bbox 350 4332 402 4397; x_wconf 76' lang='lat' dir='ltr'><strong>⁸J.</strong></span> <span class='ocrx_word' id='word_1_173' title='bbox 422 4333 584 4415; x_wconf 85' lang='lat' dir='ltr'><strong>Capitolin.</strong></span> <span class='ocrx_word' id='word_1_174' title='bbox 607 4338 651 4398; x_wconf 90' lang='lat' dir='ltr'><strong>M.</strong></span> <span class='ocrx_word' id='word_1_175' title='bbox 667 4343 778 4400; x_wconf 47' lang='lat' dir='ltr'><strong>Aulon,</strong></span> <span class='ocrx_word' id='word_1_176' title='bbox 791 4335 900 4416; x_wconf 81' lang='lat' dir='ltr'><strong>philos.</strong></span> <span class='ocrx_word' id='word_1_177' title='bbox 925 4370 963 4382; x_wconf 96' lang='lat'><em>-</em></span> <span class='ocrx_word' id='word_1_178' title='bbox 980 4331 1135 4399; x_wconf 82' lang='lat' dir='ltr'><strong>Claudiam</strong></span> <span class='ocrx_word' id='word_1_179' title='bbox 1160 4340 1242 4396; x_wconf 78' lang='lat' dir='ltr'><strong>Sext.</strong></span> <span class='ocrx_word' id='word_1_180' title='bbox 1255 4331 1384 4395; x_wconf 68' lang='lat' dir='ltr'><strong>Honorio*</strong></span> 
     </span>
     <span class='ocr_line' id='line_1_29' title="bbox 311 4421 709 4519; baseline 0.01 -19"><span class='ocrx_word' id='word_1_181' title='bbox 311 4443 457 4504; x_wconf 77' lang='lat' dir='ltr'><strong>consulat.</strong></span> <span class='ocrx_word' id='word_1_182' title='bbox 472 4460 503 4519; x_wconf 86' lang='lat' dir='ltr'><strong>v,</strong></span> <span class='ocrx_word' id='word_1_183' title='bbox 518 4443 586 4506; x_wconf 82' lang='lat'>340.</span> <span class='ocrx_word' id='word_1_184' title='bbox 706 4421 709 4428; x_wconf 15' lang='grc' dir='ltr'><strong><em>Δ</em></strong></span> 
     </span>
    </p>
   </div>
   <div class='ocr_carea' id='block_1_5' title="bbox 0 0 1829 5480">
    <p class='ocr_par' dir='ltr' id='par_1_10' title="bbox 0 0 1829 5480">
     <span class='ocr_line' id='line_1_30' title="bbox 0 0 1829 5480; baseline 0 0"><span class='ocrx_word' id='word_1_185' title='bbox 0 0 1829 5480; x_wconf 95' lang='lat' dir='ltr'><strong> </strong></span> 
     </span>
    </p>
   </div>
  </div>
 </body>
</html>
