3614 5480
746 593 784 604 ...
810 561 846 623 15
868 593 906 605 -.

288 693 423 774 ethicae
450 692 656 770 stoicorum
689 691 873 768 doctrinae
901 689 1067 770 defuisse
1096 691 1259 780 videtur,
1293 719 1362 770 nec

287 827 429 910 mirum
460 825 492 904 si
515 824 587 904 ista
608 823 850 930 philosophia
875 825 978 902 cives
1001 823 1264 902 informaverit
1293 825 1362 902 im·

288 961 460 1067 pavidos
486 958 525 1036 in
545 976 797 1064 tyrannorum
821 956 906 1034 aula
925 955 1080 1047 liberm,
1105 973 1141 1034 ot
1167 959 1363 1037 Romanas

288 1092 390 1198 leges
406 1090 456 1168 ad
470 1088 699 1168 humaniora
717 1085 876 1166 feliciter
894 1087 1141 1192 promoverit.

340 1221 518 1301 Attamen
536 1217 736 1296 fatendum
750 1235 820 1310 est,
840 1217 991 1324 egregia
1009 1216 1075 1296 illa
1097 1235 1286 1325 praecepta
1301 1246 1362 1296 ca·

286 1353 395 1435 ducis
422 1353 587 1433 subnixa
615 1349 877 1430 fundamentis
904 1351 1003 1430 male
1032 1349 1230 1429 sustineri.
1257 1352 1362 1450 Quid

287 1485 392 1567 enim
405 1486 515 1566 stoici
526 1512 594 1592 per
609 1502 801 1574 naturam,
817 1482 905 1562 vitae
916 1483 1052 1561 ducem
1068 1510 1111 1560 ac
1122 1484 1359 1589 magistram,

287 1619 570 1710 intellexerunt,
596 1617 672 1698 nisi
694 1643 937 1696 communem
953 1643 1081 1695 rerum
1102 1616 1289 1694 rationem
1310 1634 1364 1695 at·

288 1779 362 1860 que
377 1753 561 1843 animam,
580 1777 695 1857 quam
711 1749 946 1857 corporalem
962 1749 1035 1827 sihi
1053 1748 1268 1827 linxerant?
1286 1752 1364 1829 Ma-

287 1883 410 1963 teriali
428 1902 557 1963 autem
574 1909 621 1962 ex
632 1881 823 1990 principio
835 1882 1004 1989 legitime
1018 1882 1166 1960 oriatur
1177 1881 1363 1988 Epicurea

288 2017 477 2124 voluptas,
495 2044 574 2096 non
592 2044 690 2122 pura
707 2031 743 2094 et
760 2015 931 2095 absoluta
949 2014 1098 2094 virtutis
1114 2014 1273 2123 specics
1289 2013 1364 2094 Au·

287 2176 372 2228 reas
387 2176 477 2256 ergo
497 2147 763 2228 conclusiones
783 2147 993 2255 attigerunt
1017 2147 1140 2241 stoici,
1160 2150 1227 2226 sed
1244 2175 1365 2253 apes·

288 2282 397 2362 simis
411 2280 568 2389 profecti
582 2281 798 2388 principiis.
818 2281 925 2360 Adde
939 2283 1057 2387 qnod,
1077 2280 1145 2360 lati
1162 2280 1364 2360 necessita·

288 2412 1361 2522 temadmitteud0,humanaelibertatisviminlregerunt.

288 2547 402 2628 Unde
425 2547 531 2626 litut
556 2527 837 2654 hujus'scholae
864 2546 1117 2653 philosophus
1138 2545 1363 2624 mirabiliter

287 2679 447 2785 patiatur
468 2695 506 2759 et
521 2681 720 2768 obstineat,
747 2679 937 2757 nonsatis
961 2678 1167 2784 aliquando
1183 2694 1363 2757 strenuus

289 2829 401 2919 atque
416 2812 525 2917 agilis
543 2813 731 2891 videatur.

342 2947 469 3045 Quam
483 2971 598 3051 supra
614 2942 887 3049 explicavimus
907 2941 1113 3020 stoicorum
1131 2942 1360 3039 doctrinam,

289 3079 372 3158 haec
394 3077 534 3156 animae
562 3075 886 3156 immortalitatem
916 3074 1096 3154 excludit.
1127 3075 1292 3168 Etenim,
1332 3082 1364 3158 si

288 3210 415 3290 causis
437 3211 770 3300 antecedentibuS,
797 3226 839 3287 ut
865 3237 981 3286 manu
1007 3208 1221 3314 cylindrus,
1251 3212 1365 3292 homo

289 3343 511 3450 impellitur,
534 3343 629 3450 quid
644 3371 740 3450 opus
758 3359 815 3422 est
831 3340 959 3421 futuro
975 3361 1061 3449 post
1086 3363 1247 3423 mortem
1262 3345 1364 3453 judi·

289 3475 369 3555 cio?
388 3477 465 3575 Qui
486 3504 608 3582 neque
623 3503 778 3583 poenam
804 3503 927 3581 neque
948 3480 1158 3556 mercedem
1182 3478 1277 3557 actis
1300 3507 1365 3558 vo·

290 3607 467 3687 luntariis
487 3610 687 3701 meruerit,
706 3607 745 3686 is'
761 3608 887 3687 omnis
906 3607 1091 3687 moriatur
1112 3637 1267 3689 necesse
1291 3628 1362 3690 est.

290 3739 375 3818 Non
398 3739 626 3819 immortalis
649 3740 799 3831 anima,
827 3738 903 3818 nisi
927 3739 1062 3819 libera.
1091 3739 1280 3820 Caeterum
1298 3745 1366 3848 qui

289 3872 574 3980 corruptionem
591 3871 758 3978 effugere
775 3888 812 3950 et
829 3871 903 3951 sibi
921 3871 961 3950 in
980 3891 1170 3952 aeternum
1189 3893 1366 3954 constare

291 4006 414 4110 possit
435 4004 631 4111 corporale
650 4005 794 4112 aliquid
815 4033 858 4083 ac
881 4004 1105 4086 dividuum?
1122 4007 1254 4113 ltaque
1275 4008 1364 4086 stoi·
1466 4087 1468 4092 ,

292 4165 421 4216 corum
446 4139 634 4218 sententia
649 4137 734 4233 luit,
751 4137 900 4217 animas
922 4138 1158 4246 corruptioni
1177 4140 1365 4252 obnoxias

293 4288 330 4348 et
343 4272 532 4378 perituras
549 4300 646 4354 esse.
667 4275 721 4354 Ne
736 4300 825 4352 vero
842 4273 1058 4378 proximam
1081 4288 1119 4351 et
1135 4271 1305 4379 corporis
1326 4289 1365 4350 et

293 4403 430 4482 animae
457 4420 617 4485 mortem
645 4406 808 4487 nimium
837 4405 1052 4511 lugeamus,
1083 4405 1156 4500 illi,
1187 4423 1229 4485 ut
1256 4425 1364 4484 acute
