3614 5480
748 652 786 664 ..
807 619 846 682 39
868 653 906 666 .-

280 752 390 859 quod
409 748 685 855 suppliciorum
717 747 776 826 vis
807 747 1084 856 aliquantisper
1105 765 1359 834 cessaverat'.

340 883 384 960 ln
403 881 475 960 hac
505 881 776 962 dissertatione
801 880 992 987 duplicem
1018 882 1272 979 Antoninum,
1292 887 1364 968 im·

290 1023 505 1113 peratorem
516 1005 658 1085 scilicet
674 1021 711 1084 et
724 1003 1011 1110 philosophum,
1025 1009 1238 1112 exprimere
1252 1038 1365 1092 cona·

281 1155 349 1215 -tus
366 1163 478 1226 sum;
510 1152 594 1215 uter
613 1151 741 1215 autem
766 1162 788 1212 a
812 1134 1030 1217 Christiana
1046 1138 1220 1218 doctrina
1235 1143 1362 1249 magis

287 1269 435 1348 alienus
456 1268 586 1360 fuerit,
607 1269 731 1348 dicere
750 1268 816 1346 vix
841 1295 995 1376 queam.
1025 1270 1236 1377 Imperator
1259 1274 1363 1355 idem

283 1417 324 1480 et
356 1401 542 1508 pontifex,
558 1439 561 1446 ⁴
575 1399 776 1481 externum
803 1402 940 1508 priscae
965 1401 1162 1510 religionis
1189 1405 1364 1488 habitum

286 1561 385 1640 pene
401 1534 450 1612 ad
464 1534 773 1641 superstitionem
789 1562 923 1641 praese
939 1535 1039 1628 tulit,
1060 1536 1114 1614 ita
1129 1537 1362 1620 Christianis

286 1664 463 1758 infestus,
478 1683 520 1744 ut
532 1664 666 1744 melior
684 1664 756 1746 suh
772 1665 950 1771 pessimis
965 1666 1220 1773 principibus,
1247 1696 1363 1777 quam

288 1798 360 1877 suh
377 1798 605 1905 imperatore
622 1797 864 1904 philosopho,
880 1814 1001 1877 status
1017 1798 1185 1878 ecclesiae
1201 1801 1365 1909 contige·

286 1931 350 2009 rit.
382 1930 596 2011 Nonnullas
624 1931 778 2038 quidem
819 1928 921 2035 leges
953 1929 1112 2010 feliciter
1146 1934 1364 2014 emendavit

286 2063 519 2155 Antoninus,
539 2090 583 2141 ac
606 2089 726 2142 novas
740 2062 856 2142 etiam
872 2077 989 2169 atque
1009 2062 1257 2146 humaniores
1272 2093 1362 2146 oon·

287 2195 408 2283 didit;
446 2194 513 2274 sed
543 2194 736 2301 plerisque
773 2209 944 2273 veterum
986 2193 1171 2275 institutis
1198 2198 1364 2304 pertina-

286 2326 380 2406 citer
411 2325 588 2421 adhaesit,
621 2344 672 2420 et,
702 2343 744 2406 nt
772 2326 926 2433 scripsit
952 2326 988 2407 J.
1020 2327 1272 2435 Capitolinus
1299 2331 1363 2438 jus

286 2461 410 2568 magis
431 2461 632 2569 antiquum
659 2460 829 2539 restituit
858 2488 976 2568 quam
995 2488 1137 2540 novum
1158 2460 1246 2542 fecit
1266 2469 1294 2541 ².
1323 2463 1364 2544 Si

286 2593 559 2701 philosophum
583 2611 743 2700 spectes
773 2597 807 2670 is
833 2591 911 2670 lere
929 2593 971 2670 in
986 2593 1166 2674 omnihus
1191 2610 1364 2676 veterum

288 2727 495 2803 stoicorum
516 2725 728 2802 aemulator.
746 2722 786 2802 si
811 2722 905 2828 quid
918 2749 1008 2801 vero
1028 2724 1077 2800 'in
1102 2725 1168 2803 illo
1189 2725 1365 2806 invenias

287 2859 390 2964 quod
405 2885 427 2934 a
445 2857 599 2936 Zenone
622 2856 683 2936 vel
708 2853 927 2960 Chrysippo
948 2851 1115 2949 differat,
1146 2855 1186 2935 id
1209 2856 1289 2938 sive
1314 2860 1364 2938 ab

288 2991 374 3069 aliis
391 2987 646 3096 philosophiae
672 2987 813 3068 scholis
837 2987 1088 3095 deprompsit,
1117 2988 1197 3068 sive
1216 2991 1365 3098 proprii

286 3122 434 3228 ingenii
458 3121 643 3202 instinctu
671 3119 927 3229 excogitavit:
948 3119 1059 3210 nihil,
1080 3136 1123 3198 ut
1150 3121 1246 3201 mihi
1263 3123 1365 3204 vide·

287 3271 364 3347 tur,
391 3256 622 3336 Christianis
647 3257 835 3336 debiturn.
869 3255 1205 3335 Christianismum
1236 3255 1361 3348 tollas,

287 3389 388 3467 idem
415 3391 620 3496 supererit,
649 3388 935 3496 nequemaior,
963 3416 1087 3496 neque
1103 3390 1230 3467 minor
1247 3388 1364 3469 Anto·

289 3524 430 3613 ninus;
465 3521 606 3601 electus
641 3521 683 3600 in
710 3548 787 3629 quo
814 3523 1079 3602 ostenderetur
1104 3522 1196 3628 quid
1225 3551 1293 3630 per
1323 3549 1364 3602 se

287 3670 416 3763 posset
432 3657 480 3735 ad
490 3654 734 3761 corrigendos
749 3681 874 3735 mores
888 3653 1365 3762 philosophicaantiquita·

288 3788 338 3868 tis
351 3786 570 3894 disciplina.
586 3786 676 3888 Qui,
692 3813 781 3866 cum
794 3785 986 3891 grassanti
1012 3787 1053 3864 in
1084 3785 1165 3865 dies
1182 3785 1363 3868 vitiorum

330 4141 469 4206 ¹Euseb.
484 4159 521 4224 v,
543 4149 558 4206 1
576 4144 608 4207 et
626 4159 694 4226 sqq.
712 4177 751 4192 -
764 4141 879 4226 Sulpic.
901 4141 1007 4210 Seuer.
1031 4142 1081 4206 lib.
1103 4159 1141 4207 11.
1163 4176 1202 4194 ·-
1220 4143 1363 4225 Ruinart,

289 4257 365 4314 Acta
382 4257 550 4331 martyrum
565 4251 684 4314 sincera
696 4249 936 4315 ructata-Le
949 4249 1030 4316 Nain
1048 4249 1086 4315 de
1104 4250 1280 4332 Tillemont,
1295 4257 1363 4315 Mt-

289 4355 398 4418 moircs
411 4372 491 4434 pour
503 4355 601 4417 smair
612 4358 633 4417 ἀ
643 4353 785 4418 t'ttstotre
799 4355 1030 4438 ecclesiasticae,
1043 4357 1065 4419 t.
1081 4370 1119 4421 11.

330 4457 381 4522 ¹J.
395 4457 524 4541 Capitol.
537 4467 581 4524 M.
598 4467 708 4525 Aean.
721 4459 796 4541 phil.
