3614 5480
909 595 945 606 -
971 561 1010 624 16
1031 594 1069 606 -

453 688 615 780 Tullius,
633 713 789 766 usuram
807 687 918 768 nohis
941 687 1177 795 largiuntur,
1198 703 1383 795 tanquam
1408 693 1532 771 corni-

454 822 577 915 cibus;
593 821 661 901 diu
677 848 880 902 mansuros
893 821 1002 899 aiunt
1012 821 1174 911 animos,
1188 847 1340 930 semper
1354 834 1529 931 negant¹.

456 954 663 1036 Cleanthes
673 980 807 1033 omnes
816 954 1089 1062 perduraturos
1101 953 1197 1032 dixit
1210 956 1532 1062 usqueadmuudi

458 1088 718 1179 exustionem,
746 1085 988 1194 Chrysippus
1007 1113 1096 1166 vero
1125 1086 1225 1166 solos
1258 1088 1529 1193 sapientium².

456 1219 696 1321 Quibusdam
722 1219 865 1326 placuit
891 1219 1063 1314 animos,
1091 1246 1249 1326 corpore
1274 1218 1436 1326 solutos,
1464 1250 1533 1329 per

456 1352 690 1445 universam,
720 1353 823 1432 nude
838 1353 913 1430 orti
938 1352 1031 1445 sint,
1049 1371 1229 1431 naturam
1246 1350 1480 1432 circumferri
1495 1371 1534 1431 et

456 1486 625 1593 uagari³.
641 1487 687 1564 ln
702 1487 776 1564 hoc
790 1503 891 1566 certe
913 1485 1036 1592 magis
1051 1513 1169 1593 quam
1192 1483 1234 1563 in
1253 1485 1340 1566 aliis
1360 1486 1532 1568 Porticus

458 1617 605 1698 alumni
633 1648 654 1698 1
686 1618 830 1700 Christi
854 1617 1052 1724 discipulis
1078 1644 1219 1724 magno
1244 1618 1393 1699 distant
1417 1620 1533 1698 inter-

458 1751 573 1831 valla.
822 1835 825 1840 ,

512 1884 622 1963 Ν111
636 1912 725 1964 vero
743 1885 924 1966 attentius
943 1885 1282 1978 considerandum,
1309 1915 1359 1965 11
1382 1887 1532 1966 Μ11111

458 2017 684 2095 Antoninus
707 2017 755 2096 de
779 2016 898 2096 ueteri
922 2015 1040 2095 stoica
1057 2016 1230 2095 doctrina
1253 2016 1475 2108 decesserit,
1494 2032 1533 2094 et

458 2161 568 2225 tanto
591 2145 751 2252 propius
777 2148 825 2227 ad
848 2146 1110 2227 Christianam
1138 2148 1351 2227 accesserit.
1380 2147 1532 2228 Duode-

458 2278 533 2356 cim
550 2277 736 2358 hahemus
754 2279 872 2358 Marci
890 2279 1023 2370 libros,
1041 2279 1082 2357 in
1098 2279 1239 2387 quibus
1254 2307 1333 2358 nou
1346 2279 1534 2388 quidquid

459 2434 530 2516 pro
543 2407 810 2514 magnitudine
821 2410 997 2489 Romana
1012 2409 1115 2489 domi
1125 2412 1185 2490 vel
1195 2410 1341 2490 militiae
1352 2427 1530 2517 gesserat,

459 2541 665 2622 uerborum
682 2540 783 2622 fastu
806 2569 958 2650 aequare
974 2545 1154 2637 tentavit3
1179 2546 1245 2625 sed
1268 2544 1329 2624 sui
1349 2545 1471 2652 ipsius
1494 2561 1532 2623 et

459 2691 608 2753 naturae
623 2701 762 2753 aroana
776 2672 925 2754 curiose
943 2691 1146 2767 scrutatus,
1168 2692 1335 2755 mentem
1351 2703 1439 2757 vere
1451 2675 1534 2782 phi·

461 2803 695 2912 losophicam
723 2803 833 2912 quasi
859 2805 1024 2912 posteris
1047 2807 1210 2913 aperuit.
1238 2808 1333 2906 Quae
1359 2808 1392 2886 si
1417 2806 1535 2912 perle-

462 2930 595 3035 geris‚.
610 2927 759 3008 videbis
778 2928 975 3008 Aurelium
1000 2930 1047 3010 de
1069 2930 1215 3008 mundo
1241 2958 1285 3008 11
1300 2931 1380 3011 Deo
1398 2929 1534 3037 priscis

460 3060 590 3139 stoicae
616 3060 1048 3166 sapientiaedoctoribus
1068 3062 1321 3142 consensisse.
1346 3064 1533 3143 Mundum

460 3194 562 3272 enim
579 3219 661 3272 esse
684 3193 780 3271 dixit
796 3192 974 3272 animalis
992 3191 1135 3286 instar,
1158 3195 1262 3300 quod
1278 3222 1397 3274 unam
1422 3211 1535 3274 mate·

460 3322 557 3400 riam
583 3325 828 3427 animamque
852 3349 970 3400 unam
994 3321 1134 3401 haheat
1149 3325 1177 3400 ⁴.
1204 3325 1252 3403 llt
1278 3323 1378 3404 idem
1402 3325 1495 3404 alias
1520 3356 1529 3402 :

460 3450 564 3533 Nihil
579 3467 685 3530 extra
706 3467 900 3542 naturam,
924 3478 1013 3531 cum
1030 3453 1113 3560 ipsa
1130 3453 1204 3532 sihi
1220 3452 1399 3549 sufficiat,
1420 3472 1535 3562 atque

501 3781 590 3848 ¹Cic.
614 3785 736 3846 111111.
754 3798 780 3862 1,
797 3785 848 3845 31.

500 3895 512 3928 ¹
523 3895 653 3957 Κλεάνθης
665 3896 710 3969 μὲν
722 3887 768 3946 οὖν
782 3894 872 3953 πάσας
886 3889 1061 3966 ἐπιδιαμένειν
1072 3895 1151 3969 μέχρι
1164 3899 1211 3956 τῆς
1225 3893 1404 3969 ἐκπυρώσεως,
1413 3898 1534 3970 Χρύσιπ·

461 4018 510 4061 nor
534 3996 564 4053 dl
586 3998 632 4059 τὰς
650 4005 699 4051 τῶν
726 4004 810 4071 σοφῶν
833 3999 922 4072 μόνον.
952 3989 1064 4072 (Diog.
1089 3990 1194 4056 Laeli.
1216 4007 1289 4073 vn,
1315 3994 1401 4074 157.)
1421 4029 1460 4041 -
1481 3992 1530 4059 Cf.

460 4095 615 4161 Plutarch.
629 4103 673 4160 De
677 4097 801 4176 placitis
811 4095 922 4175 philos.
936 4109 984 4169 tv,
995 4099 1025 4158 7.

502 4198 679 4265 ‘Plutarch
694 4207 738 4262 De
754 4199 876 4278 placitis
891 4198 1004 4278 philos.
1019 4199 1077 4262 loc.
1089 4199 1141 4262 cit.

501 4299 561 4373 *ὰς
581 4305 606 4364 ἓν
621 4311 684 4373 ζῶον
698 4310 742 4362 τὸν
756 4311 865 4382 κόσμον,
879 4312 941 4382 μίαν
951 4306 1045 4362 οὐσίαν
1061 4312 1106 4363 καὶ
1118 4306 1210 4383 ψυχὴν
1219 4313 1281 4384 μίαν
1296 4310 1404 4386 ἐπέχον,
1416 4319 1533 4386 συνεχῶς

462 4414 584 4472 ἐπινοεῖν.
602 4405 661 4489 (Μ.
676 4407 823 4473 Anionln.
837 4414 875 4468 In
887 4425 917 4469 se
926 4407 1038 4486 ipsum,
1052 4421 1101 4481 1v,
1114 4407 1177 4486 40.)
