3614 5480
763 705 801 719 ..
823 673 863 736 2³
885 707 923 720 ..

306 805 513 886 ulciscendi
532 807 683 896 modus,
713 832 762 883 uc
789 804 842 884 sis
870 803 1051 884 inferenti
1077 802 1255 882 similis¹.
1278 803 1380 907 Quae

306 938 387 1018 fieri
406 938 515 1046 jubet
535 937 768 1030 Antoninus,
796 938 903 1018 nullo
927 936 1093 1046 propriae
1112 935 1289 1016 utilitatis
1314 936 1376 1016 vel

304 1067 443 1148 suturae
466 1070 650 1149 mercedis
668 1086 857 1177 respectu.
878 1070 1055 1151 Gratuita
1072 1068 1150 1147 sint
1164 1065 1373 1155 beneficia:

305 1227 375 1280 nec
399 1202 449 1281 ad
479 1201 683 1282 buccinam
706 1201 804 1284 hene
826 1200 967 1295 facias;
998 1202 1065 1282 sed
1093 1199 1246 1309 siquid
1278 1199 1381 1280 bene

303 1334 452 1428 feceris,
481 1363 531 1416 ne
552 1337 726 1416 attendas
751 1335 920 1441 quidem,
943 1333 1011 1414 viti
1036 1334 1140 1414 haud
1169 1329 1371 1426 absimilis,

303 1496 389 1574 quae
408 1463 578 1548 racemos
595 1468 661 1548 ubi
678 1468 823 1558 tulerit,
844 1467 943 1548 nihil
963 1465 1130 1575 amplius
1152 1465 1227 1547 sibi
1249 1464 1377 1574 requi·

303 1601 370 1693 rit,
390 1618 539 1682 naturae
555 1602 728 1710 paruisse
748 1618 927 1682 contenta
935 1607 963 1680 ⁸.

354 1735 416 1816 Sic
445 1735 664 1843 loquentem
692 1735 932 1816 Antoninum
960 1761 1039 1813 non
1059 1731 1268 1813 christiana
1290 1729 1377 1812 reli·

303 1869 365 1976 gio
398 1867 626 1962 diffiteatur,
663 1869 909 1979 philosophia
933 1897 1023 1951 vero
1048 1869 1129 1948 sola
1155 1865 1374 1974 inspiravit.

300 1998 370 2079 His
398 2001 503 2105 enirn
522 2029 601 2080 nou
619 2019 808 2110 repugnat
822 2001 947 2111 prisca
962 2001 1136 2081 Porticus
1155 1998 1330 2078 doctrina
1345 2001 1374 2076 ³.

300 2131 396 2234 Quae
407 2133 439 2213 si
456 2163 478 2212 a
496 2135 623 2215 stoicis
638 2135 862 2244 deprompta
873 2133 991 2216 luisse
1005 2133 1143 2240 aliquis
1158 2133 1368 2239 negaverit,

301 2263 422 2346 multa
438 2263 578 2346 referre
593 2265 634 2345 in
652 2285 835 2374 promptu
857 2282 927 2356 est,
946 2292 1033 2374 quae
1048 2263 1151 2373 apud
1166 2264 1371 2344 Academi·

300 2425 364 2478 cos
385 2425 430 2477 ac
448 2397 662 2505 praesertim
685 2399 726 2477 in
748 2398 917 2478 Platonis
937 2398 996 2479 vel
1018 2397 1158 2477 Tullii⁴
1175 2396 1285 2477 libris
1307 2423 1370 2476 oc-

299 2544 479 2622 currunt,
504 2556 592 2609 cum
614 2529 731 2608 Marci
756 2531 959 2637 praeceptis
982 2514 1125 2608 'mirum
1147 2529 1188 2608 in
1211 2529 1369 2608 modum

298 2657 563 2765 congruentia.
597 2659 803 2738 Caritatenr
836 2659 986 2766 generis
1019 2658 1181 2739 humani
1209 2687 1288 2740 non
1313 2661 1372 2739 in·

297 2808 488 2871 venerunt
504 2792 735 2886 Christiani,
753 2793 836 2886 sed,
853 2795 958 2902 quod
978 2793 1116 2872 melius
1133 2807 1211 2885 est,
1233 2795 1310 2872 vita
1326 2813 1366 2872 et

297 2923 468 3006 moribus
483 2925 537 3003 ita
554 2942 819 3020 exercuerunt,
832 2942 875 3008 ut
888 2925 961 3006 sibi
974 2926 1170 3033 propriam
1182 2924 1371 3004 facerent.

297 3055 499 3145 Caeterum,
522 3057 595 3136 hoc
611 3057 712 3166 inter
725 3058 965 3137 Antoninum
981 3072 1018 3137 et
1035 3055 1275 3138 Christianos
1292 3057 1366 3135 dis·

297 3191 441 3271 crimen
452 3220 531 3271 non
544 3193 913 3300 praetermittendum
924 3208 995 3288 est,
1005 3192 1108 3301 quod
1117 3189 1180 3272 illc
1189 3191 1367 3270 homines

337 3569 348 3615 ¹
362 3559 471 3652 lptnroc
486 3581 581 3654 τρόπος
597 3583 645 3633 τοῦ
657 3577 816 3655 ἀμύνεσθαι,
829 3583 860 3636 τὸ
873 3584 908 3653 μὴ
922 3579 1114 3655 ἐξομοιοῦσθαι.
1134 3571 1198 3652 (Vl,
1211 3571 1301 3653 6.)-··
1313 3567 1372 3636 Cl.

296 3689 360 3757 vn,
372 3678 423 3742 o5.

335 3779 406 3845 ¹M.
419 3781 567 3844 Antonin.
584 3797 620 3862 v,
633 3785 664 3846 6.

335 3885 510 3966 ‘Multum
536 3892 572 3951 ut
594 3890 639 3953 nit
660 3886 841 3969 Cleanthes,
862 3906 881 3952 a
904 3887 1052 3953 beneficio
1075 3886 1167 3952 distat
1187 3889 1371 3970 negotiatio..

292 3991 426 4074 (senec,
436 3993 652 4071 retenemus,
666 4010 718 4075 vr,
734 3997 796 4077 13.)

332 4091 475 4169 ‘finarum
493 4109 564 4181 ὑμῶν
583 4105 637 4181 οὐχ
653 4108 726 4182 αὐτῷ
742 4111 821 4183 μόνον
834 4111 952 4184 phynees,
963 4106 1032 4164 tlte
1048 4113 1096 4171 τῆς
1108 4112 1231 4182 perime
1243 4111 1313 4185 ἡμῶν
1333 4113 1372 4166 τὰ

292 4213 338 4284 μὲν
352 4215 379 4266 τί
391 4215 408 4274 ἡ
421 4217 516 4289 πατρὶς
528 4215 672 4289 μερίζεται,
685 4217 715 4269 τὸ
733 4211 765 4270 rt
776 4219 804 4270 τί
816 4217 841 4269 οἱ
858 4220 1042 4289 γεννήσαντες,
1061 4215 1091 4270 τὸ
1105 4212 1135 4270 δὲ
1148 4217 1173 4270 οἱ
1183 4215 1269 4270 λοιποὶ
1282 4215 1362 4290 plina.

291 4308 436 4390 (Platon,
464 4314 562 4395 Epist.
586 4312 632 4394 9.)
653 4347 692 4362 -
711 4311 792 4399 Qun
817 4314 906 4379 latine
927 4315 1057 4396 Tullius,
1078 4317 1109 4378 in
1129 4315 1240 4397 officiis
1255 4316 1293 4396 (r,
1314 4316 1364 4395 7):

294 4413 362 4482 «Ut
369 4416 510 4498 preclare
518 4415 664 4498 scriptum
673 4425 719 4482 est
731 4435 748 4481 a
758 4417 898 4500 Platone,
907 4435 967 4482 nou
980 4421 1068 4484 nobis
1078 4419 1174 4482 solam
1182 4419 1243 4482 nati
1249 4433 1368 4498 sumus,

293 4524 438 4603 ortusque
451 4522 547 4586 nostri
561 4526 676 4604 partem
686 4523 782 4606 patria
792 4522 933 4603 vindicat,
948 4530 1065 4606 partem
1078 4523 1176 4588 amnt.
1192 4545 1209 4582 ν
