3614 5480
730 684 768 696 ...
791 651 823 712 11
850 684 887 696 .-

273 780 480 889 Cbrysippi
495 780 625 871 verba,
646 780 804 861 aGellio
822 787 1004 870 servata¹,
1032 808 1118 886 quae
1137 780 1286 860 Tullius
1305 782 1346 860 in

271 915 438 993 latinum
461 939 676 993 sermonem
700 912 945 992 transtulerat
974 941 983 989 ε
1005 914 1172 991 «Fatum
1195 912 1347 1020 appello

271 1045 447 1124 ordinem
469 1044 683 1150 seriemque
709 1070 931 1132 causarum,
963 1067 1051 1120 cum
1076 1069 1192 1122 causa
1223 1070 1350 1122 causae

272 1201 370 1252 nexa
393 1201 475 1252 rem
495 1200 600 1253 exse
626 1173 772 1280 gignat.
795 1175 848 1252 Ea
866 1191 924 1252 est
945 1201 992 1252 ex
1014 1175 1120 1254 omni
1135 1175 1349 1253 aeternitate

271 1306 395 1385 fluens
411 1306 552 1384 veritas
567 1306 834 1410 sempiterna².
850 1340 868 1378 ›
891 1307 1002 1405 Quod
1014 1305 1048 1383 si
1063 1333 1266 1385 causarum
1282 1332 1350 1383 an·

271 1437 525 1515 tecedentium
542 1435 704 1542 imperio
719 1436 889 1515 bumana
904 1463 1067 1543 quaeque
1079 1454 1162 1517 acta
1180 1437 1350 1516 obnoxia

272 1585 378 1662 suut,
396 1569 542 1647 tollitur
555 1569 721 1649 liberum
739 1571 878 1650 mentis
896 1571 1113 1650 arbitrium.
1137 1570 1238 1670 Quid
1259 1595 1350 1674 ergo

272 1700 391 1807 leges,
417 1703 512 1809 quid
537 1730 664 1810 poenae
692 1732 772 1781 non
795 1721 934 1809 sponte
955 1704 1202 1811 peccantibus
1226 1703 1355 1780 immi·

272 1832 692 1941 nentes?Cbrysippus,
706 1861 793 1912 cum
808 1834 889 1913 haec
904 1835 1054 1942 objecta
1067 1834 1179 1914 vellet
1189 1833 1348 1926 diluere,

273 1981 311 2042 et
330 1963 385 2043 sic
398 1962 518 2044 fatum
533 1966 697 2045 retinere
711 1982 753 2043 ut
772 1967 1037 2046 necessitatem
1057 1964 1252 2074 effugeret,
1274 1967 1351 2045 duo

273 2121 477 2174 causarum
493 2122 633 2201 genera
645 2095 837 2188 distinxit,
855 2096 949 2175 alias
962 2095 1147 2203 perfectas
1161 2111 1199 2175 ct
1214 2095 1353 2205 princi·

273 2225 393 2333 pales,
413 2226 507 2306 alias
527 2227 752 2334 adjuvantes
767 2243 804 2307 et
818 2229 1027 2334 proximas,
1046 2244 1084 2307 et
1104 2228 1351 2308 notissimum

273 2357 314 2434 in
323 2356 852 2466 scholacylindriexemplum
862 2358 1110 2466 protulit‚qui
1122 2359 1265 2438 moveri
1277 2357 1353 2436 nisi

272 2488 407 2593 pulsus
427 2517 507 2568 non
529 2489 679 2594 incipit,
702 2506 742 2568 at
762 2492 896 2597 pulsus
919 2506 1053 2597 suapte
1074 2509 1211 2569 natura
1236 2489 1355 2569 volvi-

275 2622 374 2696 tur³.
392 2617 432 2698 Si
455 2645 546 2697 vero
567 2618 617 2695 ad
632 2618 742 2697 istius
759 2619 925 2726 cylindri
940 2619 999 2699 vel
1015 2619 1181 2698 turbinis
1201 2646 1354 2698 mensu·

275 2776 360 2826 ram
385 2747 570 2854 redigitur
592 2765 724 2826 nostra
746 2749 921 2843 libertas,
943 2750 1025 2855 jam
1050 2748 1157 2827 nulla
1180 2767 1256 2841 est,
1283 2777 1359 2828 nec

275 2878 466 2957 immerito
480 2877 687 2955 incusandi
705 2878 802 2956 mihi
817 2879 997 2958 videntur
1015 2879 1144 2973 stoici,
1161 2879 1265 2985 quod
1286 2879 1355 2957 hu·

276 3011 420 3090 minem
440 3009 517 3089 fato
534 3010 807 3090 inservientem
823 3011 997 3090 fecerint.

329 3143 405 3243 Qui
425 3144 556 3223 omnia
581 3145 797 3224 necessario
816 3144 967 3224 decreta
987 3170 1069 3223 esse
1084 3157 1235 3251 putant,
1252 3143 1280 3221 ii
1296 3142 1356 3222 fu·

276 3293 450 3356 turonum
463 3304 604 3356 arcana
620 3293 840 3356 scrutentur
855 3303 1008 3356 necesse
1022 3293 1096 3357 est.
1115 3277 1245 3383 ltaque
1259 3275 1357 3354 divi·

277 3410 382 3488 natio
393 3412 494 3517 apud
509 3411 648 3489 stoicos
660 3412 927 3491 usitatissima.
941 3411 1050 3492 Hauc
1060 3409 1263 3490 defendere
1276 3438 1357 3490 non

278 3539 549 3621 dubitaverunt
562 3541 679 3634 Zeno,
692 3541 896 3621 Cleanthes
906 3539 1220 3650 atqueimprimis
1232 3539 1357 3648 Chry·

320 3967 329 4010 ¹
347 3976 510 4047 Εἱμαρμένην
523 3969 588 4025 εἶναι
600 3975 710 4044 φυσικὴν
724 3972 847 4036 σύνταξιν
863 3977 913 4022 τῶν
927 3970 991 4022 ὅλων
1004 3969 1031 4035 ἐξ
1041 3967 1129 4024 aidica
1142 3976 1192 4021 τῶν
1207 3969 1296 4044 ἑτέρων
1304 3975 1363 4030 τοῖς

280 4079 373 4154 ἑτέροις
392 4079 647 4143 ἐπακολουθούντων,
664 4083 708 4131 καὶ
728 4081 795 4151 μετὰ
813 4078 881 4131 πολὺ
896 4079 941 4150 μὲν
957 4071 1003 4128 οὖν
1025 4073 1199 4150 ἀπαραὸὰτου
1214 4073 1294 4137 αἴσης
1312 4083 1362 4138 τῆς

278 4188 400 4246 τοιαύτης
416 4185 576 4259 συμπλοκῆς.
596 4176 748 4258 (Chrysip.
770 4187 831 4258 Περὶ
850 4187 986 4257 προνοίας,
1008 4172 1057 4237 lib.
1085 4191 1134 4254 IV,
1149 4191 1194 4255 dp·
1214 4173 1253 4236 Α.
1277 4173 1359 4238 Geli-

281 4289 364 4344 Noct.
380 4290 440 4344 Att.
451 4299 497 4352 vi,
513 4283 557 4359 2.)

322 4386 415 4451 ²010.
433 4396 477 4450 De
492 4389 629 4448 Diniuut.
648 4402 671 4464 1,
687 4389 737 4450 55.

323 4500 333 4529 ³
348 4490 487 4573 Chrysip.
502 4507 549 4570 ap.
564 4490 707 4570 Gellium,
723 4506 772 4569 vi,
786 4495 815 4553 2.
835 4525 872 4538 —
888 4488 954 4554 Cic.
970 4496 1012 4552 De
1023 4493 1098 4570 fcto,
1114 4493 1149 4551 18
1166 4491 1195 4552 et
1213 4491 1259 4550 19.
