3614 5480
880 611 921 625 ..
940 579 980 644 tt
1000 613 1039 629 ..

413 740 543 827 ‘quam
565 703 831 820 philosophica
853 704 934 813 ejus
959 720 1148 812 praecepta
1166 706 1215 785 ad
1236 705 1494 789 Christianam

421 847 649 955 *religionem
663 836 860 920 referenda
881 863 963 918 esse
978 863 1129 917 censeo.
1150 837 1242 918 Acta
1262 840 1366 919 enim
1383 841 1496 922 dictis

423 979 540 1088 plane
567 973 800 1056 concordant
817 999 827 1046 ε
843 996 930 1077 quae
955 985 1127 1048 senserat
1154 969 1423 1078 philosophus,
1450 1001 1495 1052 ea

422 1111 632 1219 imperator
643 1118 842 1186 exsecutus
856 1119 928 1181 est.

476 1241 562 1322 Jam
584 1263 675 1318 uero
697 1232 916 1342 requirendi
941 1230 1047 1311 locus
1074 1249 1147 1324 est,
1175 1231 1262 1340 quis
1279 1232 1408 1326 fuerit,
1426 1234 1496 1313 im·

393 1443 399 1460 ‚
423 1385 581 1482 perante
609 1368 736 1448 Marco
768 1362 990 1454 Antonino,
1022 1361 1328 1444 Christianorum
1356 1381 1492 1445 status.

421 1503 496 1586 Hic
530 1501 699 1609 primum
733 1495 846 1576 nobis
883 1495 1048 1574 occurrit
1077 1493 1322 1575 celeberrima
1353 1495 1495 1575 illaad

423 1657 630 1714 commune
641 1628 742 1710 asiae
753 1625 958 1707 concilium
970 1623 1148 1731 epistola¹
1163 1655 1173 1704 :
1188 1625 1316 1735 inqua
1330 1628 1494 1734 impera·

420 1784 482 1848 tor
493 1781 594 1846 vetat
609 1790 659 1843 ue
674 1775 902 1842 accusentur
916 1757 1141 1851 Christiani,
1155 1759 1231 1838 nisi
1250 1759 1393 1865 aliquid
1408 1787 1495 1839 eon·

411 1915 481 1978 ‹tra
506 1896 607 2005 leges
629 1920 674 1973 ac
701 1919 782 1972 rem
808 1893 1020 1972 Romanam
1047 1888 1169 1970 moliti
1193 1888 1350 1970 fuerint.
1367 1893 1495 1971 Monet

412 2046 607 2138 praeterea
626 2050 768 2106 novam
787 2023 902 2103 istam
917 2021 1143 2126 religionem
1160 2022 1494 2105 criminationibus

420 2158 670 2270 acsupplioiis
683 2155 917 2243 confirmari,
929 2155 1360 2262 nedumexstinguatur;
1374 2158 1493 2238 satius

420 2291 651 2377 Christianis
676 2315 758 2369 esse
780 2288 876 2367 mori
898 2313 1015 2392 quam
1036 2287 1185 2380 vivere,
1220 2304 1351 2395 utpote
1380 2317 1493 2370 suum

419 2427 504 2532 ipsa
525 2438 647 2501 morte
659 2419 783 2498 Deum
799 2414 1085 2497 confitentibus.
1103 2418 1184 2497 Imo
1200 2418 1365 2499 ethnicis
1383 2420 1495 2500 ruho·

410 2583 502 2637 *rem
524 2553 675 2645 incutit;
702 2551 785 2659 qui,
811 2549 843 2628 si
862 2550 956 2656 quid
981 2548 1225 2657 inopinatum
1253 2552 1430 2658 ingruat,
1450 2570 1493 2632 ut

419 2684 647 2765 recentiores
675 2698 786 2763 terrae
816 2697 956 2773 motus,
986 2680 1175 2788 desperati
1201 2682 1489 2790 obstupescant,

418 2818 587 2898 Deorum
606 2816 862 2904 immemores,
884 2813 979 2891 dum
1001 2811 1211 2893 Christiani
1225 2830 1370 2920 quanto
1384 2813 1494 2893 mise

409 2943 1492 3052 riores,tautomagisdivinaeclementiaeconhdunt.Quae

419 3085 474 3165 sic
485 3084 533 3162 ab
546 3078 713 3171 Aurelio,
731 3077 935 3186 imperium
951 3076 1187 3182 auspicante,
1201 3075 1344 3182 scripta
1357 3075 1488 3170 fuisse,

418 3217 578 3297 minime
591 3201 789 3321 probabile
800 3227 872 3289 est.
887 3209 1038 3313 Duplex
1049 3207 1166 3315 hujus
1185 3209 1328 3288 decreti
1347 3211 1492 3289 mentio

415 3345 619 3455 reperitur,
637 3369 715 3421 una
737 3341 777 3419 in
798 3339 939 3420 Justini
962 3338 1140 3444 Martyris
1159 3340 1355 3446 operibus,
1374 3341 1492 3420 altera

409 3480 461 3559 in
477 3461 634 3557 Eusehii
656 3473 824 3555 Historia
837 3471 1108 3552 ecclesiastica.
1129 3470 1260 3552 Neutri
1282 3489 1410 3552 autem
1428 3501 1490 3580 ge·

419 3611 584 3691 nuinum
607 3608 720 3688 edicti
744 3605 938 3712 exemplar
957 3606 1007 3683 ob
1027 3602 1157 3684 oculos
1181 3604 1269 3696 fuit,
1297 3621 1339 3684 ut
1354 3623 1491 3686 rectea

405 3769 411 3815 t
418 3746 609 3828 Germano
621 3741 786 3848 quodam
806 3739 990 3845 scriptore
1005 3737 1230 3817 adnotatum
1239 3754 1297 3818 est
1309 3743 1337 3817 ².
1351 3739 1491 3820 Justini

460 4122 470 4165 ¹
483 4114 617 4184 Catamiti
632 4126 698 4199 πρὸς
709 4125 739 4178 τὸ
753 4125 838 4176 κοινὸν
851 4129 898 4185 τῆς
908 4111 1003 4196 haiae,
1021 4132 1068 4197 ap.
1080 4114 1190 4180 Justin-
1206 4115 1244 4182 ad
1259 4119 1370 4201 prioris
1383 4120 1491 4201 apolo-

415 4228 473 4312 giae
482 4223 607 4304 calcem
618 4226 648 4287 et
658 4239 707 4304 ap.
724 4219 836 4285 Euseb.
849 4223 926 4286 Ilist.
945 4223 1045 4284 eccles.
1059 4236 1108 4301 1v,
1122 4225 1170 4286 13.

455 4329 521 4394 ¹H.
537 4325 707 4407 Eichstadt,
720 4326 907 4392 uacuam
914 4325 1125 4391 Antoniniana
1132 4341 1168 4407 v,
1179 4326 1211 4393 in
1218 4328 1392 4396 Annalibus
1409 4338 1491 4397 Aac·

406 4433 670 4512 damiclcacasis,
684 4430 744 4495 vol.
762 4437 789 4493 1.
