3614 5480
890 677 929 689 -
949 641 991 706 26
1011 675 1052 689 ..

432 773 578 882 sophiae
600 770 753 852 oracula
774 772 806 850 si
825 771 1133 882 interrogaveris,
1161 773 1261 855 idem
1284 774 1388 884 quod
1402 777 1506 856 Mar-

431 934 499 988 cus
513 905 732 987 concinent.
743 903 811 983 Vir
823 903 963 999 bouus,
981 905 1107 1014 iuquit
1120 905 1283 1000 Tullius,
1299 935 1378 986 nou
1391 909 1506 990 modo

431 1038 568 1131 facere,
581 1039 648 1118 sod
660 1064 708 1116 ne
721 1034 888 1142 cogitare
899 1036 1111 1145 quidquam
1127 1039 1294 1130 audebit,
1312 1040 1506 1147 quodnon

432 1171 570 1252 audeat
587 1170 829 1280 praedicam'.
847 1169 974 1268 Quam
994 1171 1224 1254 sententiam
1243 1173 1429 1253 versiculo
1451 1174 1508 1254 in·

432 1305 545 1386 clusit
570 1321 699 1416 poeta,
726 1301 933 1384 acerrimus
955 1306 1217 1386 Romanorum
1242 1305 1420 1386 vitiorum
1446 1307 1505 1386 in·

433 1455 618 1520 sectator:

610 1641 677 1700 Nam
692 1642 779 1700 scelus
793 1643 859 1698 iutra
874 1657 904 1698 se
915 1641 1023 1698 tacitum
1038 1640 1083 1714 qni
1097 1637 1195 1711 cogitat
1205 1638 1300 1708 ullum,

610 1735 684 1796 Facti
696 1738 795 1796 crimen
809 1737 887 1795 habet
898 1737 920 1794 ².

484 1906 542 1988 De
559 1907 661 1992 bono
675 1935 720 1988 ac
736 1909 835 1989 malo
853 1935 940 2018 quae
954 1906 1075 1990 sensit
1092 1906 1325 1996 Antoninus,
1345 1905 1427 1985 haec
1440 1904 1510 2008 ad·v

432 2041 589 2126 modum
606 2042 725 2122 stoica
740 2070 855 2122 nemo
871 2041 1079 2149 negaverit.
1095 2039 1200 2119 Nihil
1213 2038 1322 2130 boni,
1342 2038 1419 2119 nisi
1431 2036 1506 2118 vir·

433 2187 513 2262 tus;
534 2172 632 2255 nihii
651 2173 756 2266 mali,
782 2174 857 2253 nisi
881 2173 1033 2253 vitium.
1052 2173 1149 2274 Quae
1164 2170 1294 2278 appeti
1314 2169 1375 2250 vel
1393 2168 1507 2250 refor-

432 2302 572 2384 midari
590 2305 733 2398 solent,
761 2333 865 2386 mors
882 2321 919 2386 et
943 2305 1035 2398 vita,
1065 2305 1190 2384 honor
1213 2320 1252 2383 et
1274 2303 1502 2411 ignominia,

431 2435 593 2518 doloret
609 2436 799 2545 voluptas,
821 2455 1025 2546 paupertas
1039 2453 1077 2517 et
1090 2436 1250 2527 divitiae,
1268 2463 1392 2544 neque
1404 2436 1506 2516 bona

432 2595 558 2678 neque
576 2570 677 2650 mala
697 2571 874 2652 habenda
890 2587 995 2652 sunt.
1022 2571 1077 2652 Ea
1095 2570 1200 2652 enim
1214 2569 1327 2650 bonis
1347 2568 1506 2648 malisve

432 2701 1505 2812 hominibus,nullodiscrimine,contingunt.Sinautem

430 2833 534 2916 hona
555 2838 614 2919 vel
634 2837 735 2918 mala
753 2855 900 2931 essent,
923 2854 966 2916 ut
989 2837 1102 2944 vulgo
1117 2839 1339 2930 creduntur,
1356 2834 1506 2943 superis

430 2969 626 3076 provisum
646 2970 781 3052 fuisset
800 2987 842 3050 ut
861 2970 1137 3050 bonistantum
1159 2969 1275 3060 bona,
1298 2966 1398 3046 mala
1415 2995 1504 3048 vero

432 3100 544 3182 malis
557 3103 782 3184 advenirent
792 3109 819 3184 ³.
836 3105 986 3184 Marcus
1002 3129 1106 3209 ergo,
1122 3129 1168 3182 ex
1184 3116 1355 3181 veterum
1370 3100 1506 3181 stoico·

430 3262 518 3314 rum
530 3235 732 3327 sententia,
746 3236 890 3316 malum
907 3262 990 3334 5555
1006 3235 1174 3342 negavit,
1190 3261 1279 3314 curn
1292 3235 1374 3344 ejus
1392 3235 1505 3314 ratio·

431 3393 521 3446 nem
541 3367 699 3448 reddere
722 3396 801 3447 non
816 3368 1000 3476 potuerit;
1025 3394 1149 3474 neque
1163 3367 1424 3450 Christianam
1441 3394 1504 3458 su·

430 3500 601 3606 spicatas
611 3517 668 3581 est
683 3501 1052 3610 interpretationem,
1062 3501 1249 3608 optimum
1260 3527 1450 3609 quemque
1460 3526 1506 3583 ac

430 3633 640 3740 pessimum
653 3637 830 3742 perbona
840 3635 898 3715 vel
910 3635 1010 3714 mala
1022 3634 1191 3742 probari,
1204 3650 1316 3741 atque
1331 3634 1371 3712 in
1382 3634 1503 3714 altera

302 3807 305 3816 ·
432 3767 510 3846 vita
524 3795 635 3848 suum
651 3769 860 3878 cuiquejus
872 3768 1112 3876 exoperibus
1124 3767 1375 3846 tribuendum
1390 3769 1500 3848 esse⁴.

484 3900 569 3981 Non
587 3902 828 3984 Christianus
845 3901 1013 4011 profecto
1030 3901 1266 3996 Antoninus,
1292 3927 1381 3983 oum
1393 3902 1440 3982 de
1458 3900 1502 3980 li-

472 4188 483 4233 ¹
498 4187 566 4252 Cic.
581 4195 626 4252 De
635 4189 752 4270 officiis
772 4204 825 4269 ιιι,
842 4193 891 4253 19.

470 4290 619 4371 ¹Juven,
639 4301 702 4358 Sat.
722 4307 803 4372 xrn,
818 4312 847 4358 v.
863 4297 933 4359 too.

471 4406 482 4437 ⁸
497 4396 544 4461 Μ.
559 4399 705 4462 Antonin.
723 4415 762 4478 ιι,
776 4407 823 4463 11.

470 4505 607 4572 'Placuit
618 4507 723 4573 divinae
732 4507 926 4590 providentiae
936 4505 1100 4592 proparari
1112 4508 1306 4590 inposterum
1314 4505 1392 4573 bona
1402 4507 1505 4588 iustis,
